keyword,locale,catalog,id,reference,name,regularPrice,campaignPrice,pricePerQuantity,quantity,brand,description,productUrl,imageUrl,eanUpcList,date,data
manteiga de amendoim,pt,continente,pt.continente.8167238,8167238,Manteiga de Amendoim Cremosa Continente Equilíbrio,,,"4,98€/kg",emb. 500 gr,,,,https://www.continente.pt/dw/image/v2/BDVS_PRD/on/demandware.static/-/Sites-col-master-catalog/default/dw25460cde/images/col/816/8167238-frente.png?sw=280&sh=280,,2026-02-28T09:19:31.618499620Z,
manteiga de amendoim,pt,continente,pt.continente.6403609,6403609,Manteiga de Amendoim Prozis,,,"6,92€/kg",emb. 1 kg,,,,https://www.continente.pt/dw/image/v2/BDVS_PRD/on/demandware.static/-/Sites-col-master-catalog/default/dw332aa213/images/col/640/6403609-frente.jpg?sw=280&sh=280,,2026-02-28T09:19:31.618499620Z,
manteiga de amendoim,pt,continente,pt.continente.6715879,6715879,Manteiga de Amendoim Crocante Prozis,,,"6,92€/kg",emb. 1 kg,,,,https://www.continente.pt/dw/image/v2/BDVS_PRD/on/demandware.static/-/Sites-col-master-catalog/default/dweb23fc7a/images/col/671/6715879-frente.jpg?sw=280&sh=280,,2026-02-28T09:19:31.618499620Z,
manteiga de amendoim,pt,continente,pt.continente.8163576,8163576,Manteiga de Amendoim com Pedaços Continente Equilíbrio,,,"4,98€/kg",emb. 500 gr,,,,https://www.continente.pt/dw/image/v2/BDVS_PRD/on/demandware.static/-/Sites-col-master-catalog/default/dw69cffb65/images/col/816/8163576-frente.png?sw=280&sh=280,,2026-02-28T09:19:31.618499620Z,
manteiga de amendoim,pt,continente,pt.continente.6211747,6211747,Manteiga de Amendoim Crocante Prozis,,,"7,90€/kg",emb. 500 gr,,,,https://www.continente.pt/dw/image/v2/BDVS_PRD/on/demandware.static/-/Sites-col-master-catalog/default/dwd93f1b59/images/col/621/6211747-frente.jpg?sw=280&sh=280,,2026-02-28T09:19:31.618499620Z,
manteiga de amendoim,pt,continente,pt.continente.5684071,5684071,Manteiga de Amendoim Cremosa Prozis,,,"7,90€/un",emb. 500 gr,,,,https://www.continente.pt/dw/image/v2/BDVS_PRD/on/demandware.static/-/Sites-col-master-catalog/default/dw0deca455/images/col/568/5684071-frente.png?sw=280&sh=280,,2026-02-28T09:19:31.618499620Z,
manteiga de amendoim,pt,continente,pt.continente.7105463,7105463,Gelado Peanut Butter Cup Ben & Jerry's,,,"10,73€/lt",emb. 465 ml,,,,https://www.continente.pt/dw/image/v2/BDVS_PRD/on/demandware.static/-/Sites-col-master-catalog/default/dwaeb8bfaf/images/col/710/7105463-frente.jpg?sw=280&sh=280,,2026-02-28T09:19:31.618499620Z,
manteiga de amendoim,pt,continente,pt.continente.7622308,7622308,Gelado Caramelo e Manteiga de Amendoim com cobertura Chocolate Snickers,,,"22,19€/kg",emb. 270 gr (6 un),,,,https://www.continente.pt/dw/image/v2/BDVS_PRD/on/demandware.static/-/Sites-col-master-catalog/default/dw4fe280dc/images/col/762/7622308-direito.jpg?sw=280&sh=280,,2026-02-28T09:19:31.618499620Z,
manteiga de amendoim,pt,continente,pt.continente.8655873,8655873,Manteiga de Amendoim Cremosa Way Up,,,"4,99€/kg",emb. 1 kg,,,,https://www.continente.pt/dw/image/v2/BDVS_PRD/on/demandware.static/-/Sites-col-master-catalog/default/dw1395a3a0/images/col/865/8655873-frente.jpg?sw=280&sh=280,,2026-02-28T09:19:31.618499620Z,
manteiga de amendoim,pt,continente,pt.continente.7399741,7399741,Manteiga de Amendoim Cremosa Calvé,,,"5,69€/kg",emb. 1 kg,,,,https://www.continente.pt/dw/image/v2/BDVS_PRD/on/demandware.static/-/Sites-col-master-catalog/default/dw80e9d22b/images/col/739/7399741-frente.jpg?sw=280&sh=280,,2026-02-28T09:19:31.618499620Z,
manteiga de amendoim,pt,continente,pt.continente.7399738,7399738,Manteiga de Amendoim Cremosa Calvé,,,"6,97€/kg",emb. 350 gr,,,,https://www.continente.pt/dw/image/v2/BDVS_PRD/on/demandware.static/-/Sites-col-master-catalog/default/dw22f48304/images/col/739/7399738-frente.jpg?sw=280&sh=280,,2026-02-28T09:19:31.618499620Z,
manteiga de amendoim,pt,continente,pt.continente.7182223,7182223,Iogurte Proteína Manteiga de Amendoim e Banana Yopro Danone,,,"8,06€/kg",emb. 160 gr,,,,https://www.continente.pt/dw/image/v2/BDVS_PRD/on/demandware.static/-/Sites-col-master-catalog/default/dw80bcbc7a/images/col/718/7182223-frente.png?sw=280&sh=280,,2026-02-28T09:19:31.618499620Z,
manteiga de amendoim,pt,continente,pt.continente.8503528,8503528,Manteiga de Amendoim Biológica Continente,,,"8,50€/kg",emb. 340 gr,,,,https://www.continente.pt/dw/image/v2/BDVS_PRD/on/demandware.static/-/Sites-col-master-catalog/default/dwe118ae35/images/col/850/8503528-frente.png?sw=280&sh=280,,2026-02-28T09:19:31.618499620Z,
manteiga de amendoim,pt,continente,pt.continente.8544723,8544723,Iogurte Líquido de Manteiga de Amendoim 00% Continente Equilíbrio,,,"2,17€/kg",emb. 4 x 160 gr,,,,https://www.continente.pt/dw/image/v2/BDVS_PRD/on/demandware.static/-/Sites-col-master-catalog/default/dwef30ce23/images/col/854/8544723-frente.jpg?sw=280&sh=280,,2026-02-28T09:19:31.618499620Z,
manteiga de amendoim,pt,continente,pt.continente.7399733,7399733,Manteiga de Amendoim com Pedaços Calvé,,,"6,97€/kg",emb. 350 gr,,,,https://www.continente.pt/dw/image/v2/BDVS_PRD/on/demandware.static/-/Sites-col-master-catalog/default/dwc0542f60/images/col/739/7399733-frente.jpg?sw=280&sh=280,,2026-02-28T09:19:31.618499620Z,
manteiga de amendoim,pt,continente,pt.continente.2211103,2211103,Manteiga de Amendoim Cremosa sem Glúten Skippy,,,"11,15€/kg",emb. 340 gr,,,,https://www.continente.pt/dw/image/v2/BDVS_PRD/on/demandware.static/-/Sites-col-master-catalog/default/dwaf37a68d/images/col/221/2211103-cima.jpg?sw=280&sh=280,,2026-02-28T09:19:31.618499620Z,
manteiga de amendoim,pt,continente,pt.continente.8656710,8656710,Manteiga de Amendoim com Pedaços Way Up,,,"4,99€/kg",emb. 1 kg,,,,https://www.continente.pt/dw/image/v2/BDVS_PRD/on/demandware.static/-/Sites-col-master-catalog/default/dwd4bb44aa/images/col/865/8656710-frente.jpg?sw=280&sh=280,,2026-02-28T09:19:31.618499620Z,
manteiga de amendoim,pt,continente,pt.continente.7096539,7096539,Manteiga de Amendoim Crunchy sem Glúten Origens Bio,,,"14,68€/kg",emb. 340 gr,,,,https://www.continente.pt/dw/image/v2/BDVS_PRD/on/demandware.static/-/Sites-col-master-catalog/default/dw327df42e/images/col/709/7096539-frente.png?sw=280&sh=280,,2026-02-28T09:19:31.618499620Z,
manteiga de amendoim,pt,continente,pt.continente.7375863,7375863,Manteiga Amendoim Suave sem Glúten Origens Bio,,,"14,68€/kg",emb. 340 gr,,,,https://www.continente.pt/dw/image/v2/BDVS_PRD/on/demandware.static/-/Sites-col-master-catalog/default/dwbf5eefe2/images/col/737/7375863-frente.png?sw=280&sh=280,,2026-02-28T09:19:31.618499620Z,
manteiga de amendoim,pt,continente,pt.continente.2211119,2211119,Manteiga de Amendoim Crocante sem Glúten Skippy,,,"11,15€/kg",emb. 340 gr,,,,https://www.continente.pt/dw/image/v2/BDVS_PRD/on/demandware.static/-/Sites-col-master-catalog/default/dw619c1303/images/col/221/2211119-cima.jpg?sw=280&sh=280,,2026-02-28T09:19:31.618499620Z,
manteiga de amendoim,pt,continente,pt.continente.8037736,8037736,Gelado Caramelo e Manteiga de Amendoim com cobertura Chocolate Branco Snickers,,,"22,69€/lt",emb. 264 ml (6 un),,,,https://www.continente.pt/dw/image/v2/BDVS_PRD/on/demandware.static/-/Sites-col-master-catalog/default/dw3f931f4e/images/col/803/8037736-direito.png?sw=280&sh=280,,2026-02-28T09:19:31.618499620Z,
manteiga de amendoim,pt,continente,pt.continente.8656657,8656657,Manteiga de Amendoim Cremosa Way Up,,,"5,98€/kg",emb. 500 gr,,,,https://www.continente.pt/dw/image/v2/BDVS_PRD/on/demandware.static/-/Sites-col-master-catalog/default/dw04e27640/images/col/865/8656657-frente.jpg?sw=280&sh=280,,2026-02-28T09:19:31.618499620Z,
manteiga de amendoim,pt,continente,pt.continente.8516701,8516701,Açaí Manteiga de Amendoim Oakberry,,,"19,01€/lt",emb. 473 ml,,,,https://www.continente.pt/dw/image/v2/BDVS_PRD/on/demandware.static/-/Sites-col-master-catalog/default/dwc2a56de4/images/col/851/8516701-frente.jpg?sw=280&sh=280,,2026-02-28T09:19:31.618499620Z,
manteiga de amendoim,pt,continente,pt.continente.6588803,6588803,Gelado Manteiga de Amendoim Crunch Häagen-Dazs,,,"17,37€/lt",emb. 460 ml,,,,https://www.continente.pt/dw/image/v2/BDVS_PRD/on/demandware.static/-/Sites-col-master-catalog/default/dwf162c2cb/images/col/658/6588803-hero.jpg?sw=280&sh=280,,2026-02-28T09:19:31.618499620Z,
manteiga de amendoim,pt,continente,pt.continente.6593698,6593698,Snack de Chocolate de Leite e Manteiga de Amendoim Kit Kat,,,"26,73€/kg",emb. 168 gr (4 un),,,,https://www.continente.pt/dw/image/v2/BDVS_PRD/on/demandware.static/-/Sites-col-master-catalog/default/dw3fe34252/images/col/659/6593698-hero.jpg?sw=280&sh=280,,2026-02-28T09:19:31.618499620Z,
manteiga de amendoim,pt,continente,pt.continente.8252124,8252124,Manteiga de Amendoim Cremosa sem Glúten Continente,,,"6,44€/kg",emb. 340 gr,,,,https://www.continente.pt/dw/image/v2/BDVS_PRD/on/demandware.static/-/Sites-col-master-catalog/default/dw4b63ee53/images/col/825/8252124-frente.jpg?sw=280&sh=280,,2026-02-28T09:19:31.618499620Z,
manteiga de amendoim,pt,continente,pt.continente.6927042,6927042,Barra de Chocolate Negro e Manteiga de Amendoim sem Glúten Be-Kind,,,"37,25€/kg",emb. 40 gr,,,,https://www.continente.pt/dw/image/v2/BDVS_PRD/on/demandware.static/-/Sites-col-master-catalog/default/dw6e857e80/images/col/692/6927042-frente.jpg?sw=280&sh=280,,2026-02-28T09:19:31.618499620Z,
manteiga de amendoim,pt,continente,pt.continente.8252129,8252129,Manteiga de Amendoim com Pedaços sem Glúten Continente,,,"6,44€/kg",emb. 340 gr,,,,https://www.continente.pt/dw/image/v2/BDVS_PRD/on/demandware.static/-/Sites-col-master-catalog/default/dwa63ad328/images/col/825/8252129-frente.jpg?sw=280&sh=280,,2026-02-28T09:19:31.618499620Z,
manteiga de amendoim,pt,continente,pt.continente.6814879,6814879,Manteiga de Amendoim sem Glúten Not Guilty,,,"12,47€/kg",emb. 320 gr,,,,https://www.continente.pt/dw/image/v2/BDVS_PRD/on/demandware.static/-/Sites-col-master-catalog/default/dw64bce885/images/col/681/6814879-frente.jpg?sw=280&sh=280,,2026-02-28T09:19:31.618499620Z,
manteiga de amendoim,pt,continente,pt.continente.8112342,8112342,Manteiga de Amendoim Cremosa sem Açúcar Skippy,,,"11,12€/kg",emb. 340 gr,,,,https://www.continente.pt/dw/image/v2/BDVS_PRD/on/demandware.static/-/Sites-col-master-catalog/default/dw0ae4af84/images/col/811/8112342-frente.jpg?sw=280&sh=280,,2026-02-28T09:19:31.618499620Z,
manteiga de amendoim,pt,continente,pt.continente.7947243,7947243,"Barra Frutos Secos, Manteiga de Amendoim e Chocolate Negro All Nuts Continente",,,"34,00€/kg",emb. 35 gr,,,,https://www.continente.pt/dw/image/v2/BDVS_PRD/on/demandware.static/-/Sites-col-master-catalog/default/dwb0ba38f6/images/col/794/7947243-topshot.jpg?sw=280&sh=280,,2026-02-28T09:19:31.618499620Z,
manteiga de amendoim,pt,continente,pt.continente.8656614,8656614,Manteiga de Amendoim Pedaços Way Up,,,"5,98€/kg",emb. 500 gr,,,,https://www.continente.pt/dw/image/v2/BDVS_PRD/on/demandware.static/-/Sites-col-master-catalog/default/dwea06f308/images/col/865/8656614-frente.jpg?sw=280&sh=280,,2026-02-28T09:19:31.618499620Z,
manteiga de amendoim,pt,continente,pt.continente.7380481,7380481,Manteiga de Amendoim com Chocolate Prozis,,,"15,96€/kg",emb. 250 gr,,,,https://www.continente.pt/dw/image/v2/BDVS_PRD/on/demandware.static/-/Sites-col-master-catalog/default/dwc0bc81c1/images/col/738/7380481-frente.jpg?sw=280&sh=280,,2026-02-28T09:19:31.618499620Z,
manteiga de amendoim,pt,continente,pt.continente.6960895,6960895,Manteiga de Amendoim 100% Cremosa Calvé,,,"7,97€/kg",emb. 350 gr,,,,https://www.continente.pt/dw/image/v2/BDVS_PRD/on/demandware.static/-/Sites-col-master-catalog/default/dw1253716c/images/col/696/6960895-frente.jpg?sw=280&sh=280,,2026-02-28T09:19:31.618499620Z,
manteiga de amendoim,pt,continente,pt.continente.7434250,7434250,Snack de Chocolate com Manteiga de Amendoim King Size Reeses,,,"28,99€/kg",emb. 79 gr,,,,https://www.continente.pt/dw/image/v2/BDVS_PRD/on/demandware.static/-/Sites-col-master-catalog/default/dw04ff5848/images/col/743/7434250-frente.jpg?sw=280&sh=280,,2026-02-28T09:19:31.618499620Z,
manteiga de amendoim,pt,pingo-doce,pt.pingo-doce.921589,921589,Manteiga de Amendoim Cremosa,1.79,,5.26 €/Kg,0.34 Kg,Pingo Doce,,https://www.pingodoce.pt/home/produtos/mercearia/compotas-mel-e-cremes-de-barrar/cremes-de-barrar/manteiga-de-amendoim-cremosa-pingo-doce-921589.html,https://www.pingodoce.pt/dw/image/v2/BLJJ_PRD/on/demandware.static/-/Sites-pingo-doce-master/default/dwc123d75b/images/medium/921589_5fd2046f468b06202d83d37a603e88b2.png?sw=198,,2026-02-28T09:19:30.886118214Z,"{'externalCategories': ['Mercearia', 'Compotas Mel e Cremes de Barrar', 'Cremes de Barrar']}"
manteiga de amendoim,pt,pingo-doce,pt.pingo-doce.880205,880205,Manteiga de Amendoim Cremosa,4.39,,8.78 €/Kg,0.5 Kg,Prozis,,https://www.pingodoce.pt/home/produtos/mercearia/compotas-mel-e-cremes-de-barrar/cremes-de-barrar/manteiga-de-amendoim-cremosa-prozis-880205.html,https://www.pingodoce.pt/dw/image/v2/BLJJ_PRD/on/demandware.static/-/Sites-pingo-doce-master/default/dwdf82b746/images/medium/880205_4f6126933cade3c566b979f20f775dcc.jpg?sw=198,,2026-02-28T09:19:30.886118214Z,"{'externalCategories': ['Mercearia', 'Compotas Mel e Cremes de Barrar', 'Cremes de Barrar']}"
manteiga de amendoim,pt,pingo-doce,pt.pingo-doce.880206,880206,Manteiga de Amendoim Crocante,4.39,,8.78 €/Kg,0.5 Kg,Prozis,,https://www.pingodoce.pt/home/produtos/mercearia/compotas-mel-e-cremes-de-barrar/cremes-de-barrar/manteiga-de-amendoim-crocante-prozis-880206.html,https://www.pingodoce.pt/dw/image/v2/BLJJ_PRD/on/demandware.static/-/Sites-pingo-doce-master/default/dwc4df56ea/images/medium/880206_dc46d342fbc50a199dc6d241829120e2.jpg?sw=198,,2026-02-28T09:19:30.886118214Z,"{'externalCategories': ['Mercearia', 'Compotas Mel e Cremes de Barrar', 'Cremes de Barrar']}"
manteiga de amendoim,pt,pingo-doce,pt.pingo-doce.935304,935304,Manteiga de Amendoim Cremosa,2.99,,3.99 €/Kg,0.75 Kg,Go Active,,https://www.pingodoce.pt/home/produtos/mercearia/compotas-mel-e-cremes-de-barrar/cremes-de-barrar/manteiga-de-amendoim-cremosa-go-active-935304.html,https://www.pingodoce.pt/dw/image/v2/BLJJ_PRD/on/demandware.static/-/Sites-pingo-doce-master/default/dw79278b29/images/medium/935304_23218881426fb7fd0fdcd2fc5fb4c461.png?sw=198,,2026-02-28T09:19:30.886118214Z,"{'externalCategories': ['Mercearia', 'Compotas Mel e Cremes de Barrar', 'Cremes de Barrar']}"
manteiga de amendoim,pt,pingo-doce,pt.pingo-doce.976785,976785,Barra Proteína Manteiga de Amendoim,1.89,,29.08 €/Kg,0.065 Kg,Prozis,,https://www.pingodoce.pt/home/produtos/alternativas-alimentares/nutricao-desportiva/snacks-e-barras/barra-proteina-manteiga-de-amendoim-prozis-976785.html,https://www.pingodoce.pt/dw/image/v2/BLJJ_PRD/on/demandware.static/-/Sites-pingo-doce-master/default/dwd8657a5f/images/medium/976785_f034efd191dfdbb7b5315dfd347d41b8.png?sw=198,,2026-02-28T09:19:30.886118214Z,"{'externalCategories': ['Alternativas Alimentares', 'Nutricao Desportiva', 'Snacks e Barras']}"
manteiga de amendoim,pt,pingo-doce,pt.pingo-doce.902732,902732,Manteiga de Amendoim com Pedaços,1.79,,5.26 €/Kg,0.34 Kg,Pingo Doce,,https://www.pingodoce.pt/home/produtos/mercearia/compotas-mel-e-cremes-de-barrar/cremes-de-barrar/manteiga-de-amendoim-com-pedacos-pingo-doce-902732.html,https://www.pingodoce.pt/dw/image/v2/BLJJ_PRD/on/demandware.static/-/Sites-pingo-doce-master/default/dw90541593/images/medium/902732_5f65833c83a1a75e233e5f32895a58a5.png?sw=198,,2026-02-28T09:19:30.886118214Z,"{'externalCategories': ['Mercearia', 'Compotas Mel e Cremes de Barrar', 'Cremes de Barrar']}"
manteiga de amendoim,pt,pingo-doce,pt.pingo-doce.986453,986453,Manteiga de Amendoim Crunchy,2.29,,4.58 €/Kg,0.5 Kg,Go Active,,https://www.pingodoce.pt/home/produtos/mercearia/compotas-mel-e-cremes-de-barrar/cremes-de-barrar/manteiga-de-amendoim-crunchy-go-active-986453.html,https://www.pingodoce.pt/dw/image/v2/BLJJ_PRD/on/demandware.static/-/Sites-pingo-doce-master/default/dwfca644bb/images/medium/986453_c9888bd351b0d75c07da1dbc3f01a1f5.jpeg?sw=198,,2026-02-28T09:19:30.886118214Z,"{'externalCategories': ['Mercearia', 'Compotas Mel e Cremes de Barrar', 'Cremes de Barrar']}"
manteiga de amendoim,pt,pingo-doce,pt.pingo-doce.926163,926163,Manteiga de Amendoim Cremosa,3.79,,10.83 €/Kg,0.35 Kg,Calvé,,https://www.pingodoce.pt/home/produtos/mercearia/compotas-mel-e-cremes-de-barrar/cremes-de-barrar/manteiga-de-amendoim-cremosa-calve-926163.html,https://www.pingodoce.pt/dw/image/v2/BLJJ_PRD/on/demandware.static/-/Sites-pingo-doce-master/default/dw7c391ddf/images/medium/926163_9d7c650aaf05282a6969b8038728661b.jpg?sw=198,,2026-02-28T09:19:30.886118214Z,"{'externalCategories': ['Mercearia', 'Compotas Mel e Cremes de Barrar', 'Cremes de Barrar']}"
manteiga de amendoim,pt,pingo-doce,pt.pingo-doce.896522,896522,Manteiga de Amendoim Cremosa,7.69,,7.69 €/Kg,1 Kg,Prozis,,https://www.pingodoce.pt/home/produtos/mercearia/compotas-mel-e-cremes-de-barrar/cremes-de-barrar/manteiga-de-amendoim-cremosa-prozis-896522.html,https://www.pingodoce.pt/dw/image/v2/BLJJ_PRD/on/demandware.static/-/Sites-pingo-doce-master/default/dw185bc2a6/images/medium/896522_715f059e73dc660d55fb117c62d4d812.jpg?sw=198,,2026-02-28T09:19:30.886118214Z,"{'externalCategories': ['Mercearia', 'Compotas Mel e Cremes de Barrar', 'Cremes de Barrar']}"
manteiga de amendoim,pt,pingo-doce,pt.pingo-doce.926164,926164,Manteiga de Amendoim com Pedaços,3.79,,10.83 €/Kg,0.35 Kg,Calvé,,https://www.pingodoce.pt/home/produtos/mercearia/compotas-mel-e-cremes-de-barrar/cremes-de-barrar/manteiga-de-amendoim-com-pedacos-calve-926164.html,https://www.pingodoce.pt/dw/image/v2/BLJJ_PRD/on/demandware.static/-/Sites-pingo-doce-master/default/dw5149eba5/images/medium/926164_72c10f3491b5e49436c4b37de31c0ae7.jpg?sw=198,,2026-02-28T09:19:30.886118214Z,"{'externalCategories': ['Mercearia', 'Compotas Mel e Cremes de Barrar', 'Cremes de Barrar']}"
manteiga de amendoim,pt,pingo-doce,pt.pingo-doce.981889,981889,Barra Proteína Zero Manteiga de Amendoim,1.69,,42.25 €/Kg,0.04 Kg,Prozis,,https://www.pingodoce.pt/home/produtos/alternativas-alimentares/nutricao-desportiva/snacks-e-barras/barra-proteina-zero-manteiga-de-amendoim-prozis-981889.html,https://www.pingodoce.pt/dw/image/v2/BLJJ_PRD/on/demandware.static/-/Sites-pingo-doce-master/default/dwdf9b7d65/images/medium/981889_aee5a981e0cdfe4f6fa023979a907a3e.png?sw=198,,2026-02-28T09:19:30.886118214Z,"{'externalCategories': ['Alternativas Alimentares', 'Nutricao Desportiva', 'Snacks e Barras']}"
manteiga de amendoim,pt,minipreco,pt.minipreco.900827,900827,AUCHAN Manteiga de Amendoim 100% e Cremosa 500 g,"2,49 €",,"(4,98 €/Kg.)",,,,https://www.minipreco.pt/produtos/equilibrio-e-bio/mercearia-equilibrio-e-bio/cremes-para-barrar-equilibrio-e-bio/p/900827,https://s2.minipreco.pt/medias/hec/h9d/9265505501214.jpg,,2026-02-28T09:19:32.745715054Z,
manteiga de amendoim,pt,minipreco,pt.minipreco.13088,13088,ALPRO Creme Vegetal de Soja para Barrar 225 g,"1,99 €",,"(8,84 €/Kg.)",,,,https://www.minipreco.pt/produtos/laticinios-e-ovos/manteigas-margarinas-e-cremes-para-barrar/manteiga-e-cremes-para-barrar/p/13088,https://s3.minipreco.pt/medias/h02/h27/9056883703838.jpg,,2026-02-28T09:19:32.745715054Z,
manteiga de amendoim,pt,minipreco,pt.minipreco.3853,3853,MIMOSA Manteiga Com Sal 250 g,"2,19 €",,"(8,76 €/Kg.)",,,,https://www.minipreco.pt/produtos/laticinios-e-ovos/manteigas-margarinas-e-cremes-para-barrar/manteiga-e-cremes-para-barrar/p/3853,https://s3.minipreco.pt/medias/h89/h7e/9201703092254.jpg,,2026-02-28T09:19:32.745715054Z,
manteiga de amendoim,pt,minipreco,pt.minipreco.36222,36222,MATINAL Manteiga Magra 250 g,"2,79 €",,"(11,16 €/Kg.)",,,,https://www.minipreco.pt/produtos/laticinios-e-ovos/manteigas-margarinas-e-cremes-para-barrar/manteiga-e-cremes-para-barrar/p/36222,https://s0.minipreco.pt/medias/h40/h3e/9093407866910.jpg,,2026-02-28T09:19:32.745715054Z,
manteiga de amendoim,pt,minipreco,pt.minipreco.36224,36224,MILHAFRE Manteiga Dos Açores 250 g,"2,49 €",,"(9,96 €/Kg.)",,,,https://www.minipreco.pt/produtos/laticinios-e-ovos/manteigas-margarinas-e-cremes-para-barrar/manteiga-e-cremes-para-barrar/p/36224,https://s3.minipreco.pt/medias/h02/hd0/8948503117854.jpg,,2026-02-28T09:19:32.745715054Z,
manteiga de amendoim,pt,minipreco,pt.minipreco.250873,250873,MIMOSA Manteiga Com Sal Magra 250 g,"2,09 €",,"(8,36 €/Kg.)",,,,https://www.minipreco.pt/produtos/laticinios-e-ovos/manteigas-margarinas-e-cremes-para-barrar/manteiga-e-cremes-para-barrar/p/250873,https://s1.minipreco.pt/medias/h59/h7a/9092555833374.jpg,,2026-02-28T09:19:32.745715054Z,
manteiga de amendoim,pt,minipreco,pt.minipreco.300857,300857,MIMOSA Manteiga com Sal 125 g,"1,39 €",,"(11,12 €/Kg.)",,,,https://www.minipreco.pt/produtos/laticinios-e-ovos/manteigas-margarinas-e-cremes-para-barrar/manteiga-e-cremes-para-barrar/p/300857,https://s0.minipreco.pt/medias/h45/hc2/9108332576798.jpg,,2026-02-28T09:19:32.745715054Z,
manteiga de amendoim,pt,minipreco,pt.minipreco.900245,900245,AUCHAN Manteiga Magra 250 g,"1,99 €",,"(7,96 €/Kg.)",,,,https://www.minipreco.pt/produtos/laticinios-e-ovos/manteigas-margarinas-e-cremes-para-barrar/manteiga-e-cremes-para-barrar/p/900245,https://s2.minipreco.pt/medias/h64/hf9/9206081159198.jpg,,2026-02-28T09:19:32.745715054Z,
manteiga de amendoim,pt,minipreco,pt.minipreco.900340,900340,AUCHAN À Mesa em Portugal Manteiga Pasteurizada dos Açores com Sal 250 g,"2,09 €",,"(8,36 €/Kg.)",,,,https://www.minipreco.pt/produtos/laticinios-e-ovos/manteigas-margarinas-e-cremes-para-barrar/manteiga-e-cremes-para-barrar/p/900340,https://s3.minipreco.pt/medias/ha6/h4d/9206082797598.jpg,,2026-02-28T09:19:32.745715054Z,
manteiga de amendoim,pt,minipreco,pt.minipreco.902227,902227,AUCHAN Banha de Porco 230 g,"0,89 €",,"(3,87 €/Kg.)",,,,https://www.minipreco.pt/produtos/laticinios-e-ovos/manteigas-margarinas-e-cremes-para-barrar/margarina-e-banha/p/902227,https://s2.minipreco.pt/medias/h2f/h12/9276537012254.jpg,,2026-02-28T09:19:32.745715054Z,
manteiga de amendoim,pt,minipreco,pt.minipreco.3762,3762,BECEL Creme Vegetal para Barrar Original 225 g,"2,99 €",,"(13,29 €/Kg.)",,,,https://www.minipreco.pt/produtos/laticinios-e-ovos/manteigas-margarinas-e-cremes-para-barrar/manteiga-e-cremes-para-barrar/p/3762,https://s0.minipreco.pt/medias/hc8/ha9/8945683071006.jpg,,2026-02-28T09:19:32.745715054Z,
manteiga de amendoim,pt,minipreco,pt.minipreco.3780,3780,PLANTA Creme Vegetal para Barrar Original 225 g,"2,19 €"," 1,97 € "," (8,76 €/Kg.) ",,,,https://www.minipreco.pt/produtos/laticinios-e-ovos/manteigas-margarinas-e-cremes-para-barrar/manteiga-e-cremes-para-barrar/p/3780,https://s1.minipreco.pt/medias/h7b/he2/9123938697246.jpg,,2026-02-28T09:19:32.745715054Z,
manteiga de amendoim,pt,minipreco,pt.minipreco.129945,129945,PLANTA Creme Vegetal para Barrar com Sabor a Manteiga  225 g,"2,19 €"," 1,97 € "," (8,76 €/Kg.) ",,,,https://www.minipreco.pt/produtos/laticinios-e-ovos/manteigas-margarinas-e-cremes-para-barrar/manteiga-e-cremes-para-barrar/p/129945,https://s2.minipreco.pt/medias/h91/heb/9123939024926.jpg,,2026-02-28T09:19:32.745715054Z,
manteiga de amendoim,pt,minipreco,pt.minipreco.231758,231758,BECEL Creme Vegetal para Barrar Sabor a Manteiga 450 g,"3,89 €",,"(8,64 €/Kg.)",,,,https://www.minipreco.pt/produtos/laticinios-e-ovos/manteigas-margarinas-e-cremes-para-barrar/manteiga-e-cremes-para-barrar/p/231758,https://s0.minipreco.pt/medias/h6c/he6/9088217808926.jpg,,2026-02-28T09:19:32.745715054Z,
manteiga de amendoim,pt,minipreco,pt.minipreco.3781,3781,PLANTA Creme Vegetal para Barrar Original 400 g,"3,49 €",,"(8,73 €/Kg.)",,,,https://www.minipreco.pt/produtos/laticinios-e-ovos/manteigas-margarinas-e-cremes-para-barrar/manteiga-e-cremes-para-barrar/p/3781,https://s1.minipreco.pt/medias/he5/h92/9123938369566.jpg,,2026-02-28T09:19:32.745715054Z,
manteiga de amendoim,pt,minipreco,pt.minipreco.42025,42025,BECEL Creme Vegetal para Barrar Original 450 g,"3,89 €",,"(8,64 €/Kg.)",,,,https://www.minipreco.pt/produtos/laticinios-e-ovos/manteigas-margarinas-e-cremes-para-barrar/manteiga-e-cremes-para-barrar/p/42025,https://s1.minipreco.pt/medias/h17/h57/9088216170526.jpg,,2026-02-28T09:19:32.745715054Z,
manteiga de amendoim,pt,minipreco,pt.minipreco.181416,181416,PLANTA Creme Vegetal para Barrar com Sabor a Manteiga 400 g,"3,49 €",,"(8,73 €/Kg.)",,,,https://www.minipreco.pt/produtos/laticinios-e-ovos/manteigas-margarinas-e-cremes-para-barrar/manteiga-e-cremes-para-barrar/p/181416,https://s1.minipreco.pt/medias/hbf/hb1/9123938041886.jpg,,2026-02-28T09:19:32.745715054Z,
manteiga de amendoim,pt,minipreco,pt.minipreco.270232,270232,BECEL Creme Vegetal para Barrar Sabor a Manteiga 225 g,"2,99 €",,"(13,29 €/Kg.)",,,,https://www.minipreco.pt/produtos/laticinios-e-ovos/manteigas-margarinas-e-cremes-para-barrar/manteiga-e-cremes-para-barrar/p/270232,https://s2.minipreco.pt/medias/h73/h17/9088355565598.jpg,,2026-02-28T09:19:32.745715054Z,
manteiga de amendoim,pt,minipreco,pt.minipreco.65292,65292,PROACTIV Creme Vegetal Magro 225 g,"3,99 €",,"(17,73 €/Kg.)",,,,https://www.minipreco.pt/produtos/laticinios-e-ovos/manteigas-margarinas-e-cremes-para-barrar/manteiga-e-cremes-para-barrar/p/65292,https://s0.minipreco.pt/medias/h20/h19/9025719238686.jpg,,2026-02-28T09:19:32.745715054Z,
manteiga de amendoim,pt,minipreco,pt.minipreco.296893,296893,PLANTA Creme Vegetal para Barrar com Sabor a Manteiga Magra 225 g,"2,19 €"," 1,97 € "," (8,76 €/Kg.) ",,,,https://www.minipreco.pt/produtos/laticinios-e-ovos/manteigas-margarinas-e-cremes-para-barrar/manteiga-e-cremes-para-barrar/p/296893,https://s0.minipreco.pt/medias/hcf/hd0/9128702935070.jpg,,2026-02-28T09:19:32.745715054Z,
manteiga de amendoim,pt,minipreco,pt.minipreco.298641,298641,ASTRA Creme Vegetal 450 g,"1,79 €",,"(3,98 €/Kg.)",,,,https://www.minipreco.pt/produtos/laticinios-e-ovos/manteigas-margarinas-e-cremes-para-barrar/manteiga-e-cremes-para-barrar/p/298641,https://s2.minipreco.pt/medias/ha4/h19/9092103045150.jpg,,2026-02-28T09:19:32.745715054Z,
manteiga de amendoim,pt,minipreco,pt.minipreco.902132,902132,AUCHAN Amendoim com Mel 200 g,"1,99 €",,"(9,95 €/Kg.)",,,,https://www.minipreco.pt/produtos/mercearia/batatas-fritas-e-aperitivos/aperitivos/p/902132,https://s1.minipreco.pt/medias/hfe/h9a/9296474898462.jpg,,2026-02-28T09:19:32.745715054Z,
manteiga de amendoim,pt,minipreco,pt.minipreco.901729,901729,AUCHAN Cajú com Sal 125 g,"2,09 €",,"(16,72 €/Kg.)",,,,https://www.minipreco.pt/produtos/mercearia/batatas-fritas-e-aperitivos/aperitivos/p/901729,https://s0.minipreco.pt/medias/h00/h9b/9305470992414.jpg,,2026-02-28T09:19:32.745715054Z,
manteiga de amendoim,pt,minipreco,pt.minipreco.232594,232594,BECEL Pro Active Sabor Manteiga 225 g,"3,99 €",,"(17,73 €/Kg.)",,,,https://www.minipreco.pt/produtos/laticinios-e-ovos/manteigas-margarinas-e-cremes-para-barrar/manteiga-e-cremes-para-barrar/p/232594,https://s0.minipreco.pt/medias/hdd/hc9/9025716617246.jpg,,2026-02-28T09:19:32.745715054Z,
manteiga de amendoim,pt,auchan,pt.auchan.3503408,3503408,manteiga amendoim auchan 100% & cremosa 500g,"2,49 €",,4.98 €/Kg,,,,https://www.auchan.pt/pt/alimentacao/mercearia/cremes-compotas-e-mel/cremes-de-barrar/manteiga-amendoim-auchan-100-e-cremosa-500g/3503408.html,https://www.auchan.pt/dw/image/v2/BFRC_PRD/on/demandware.static/-/Sites-auchan-pt-master-catalog/default/dwa7326357/images/hi-res/003503408.jpg?sw=250&sh=250&sm=fit&bgcolor=FFFFFF,,2026-02-28T09:19:35.167989525Z,
manteiga de amendoim,pt,auchan,pt.auchan.3693618,3693618,manteiga amendoim auchan 100% & crocante 500g,"2,49 €",,4.98 €/Kg,,,,https://www.auchan.pt/pt/alimentacao/mercearia/cremes-compotas-e-mel/cremes-de-barrar/manteiga-amendoim-auchan-100-e-crocante-500g/3693618.html,https://www.auchan.pt/dw/image/v2/BFRC_PRD/on/demandware.static/-/Sites-auchan-pt-master-catalog/default/dwa6d7b216/images/hi-res/003693618.jpg?sw=250&sh=250&sm=fit&bgcolor=FFFFFF,,2026-02-28T09:19:35.167989525Z,
manteiga de amendoim,pt,auchan,pt.auchan.2485760,2485760,manteiga prozis amendoim crocante 1kg,"7,69 €",,7.69 €/Kg,,,,https://www.auchan.pt/pt/biologicos-e-alternativas/nutricao-desportiva/preparacao-de-refeicoes/manteiga-amendoim-e-especialidades/manteiga-prozis-amendoim-crocante-1kg/2485760.html,https://www.auchan.pt/dw/image/v2/BFRC_PRD/on/demandware.static/-/Sites-auchan-pt-master-catalog/default/dw605bdcb6/images/hi-res/002485760.jpg?sw=250&sh=250&sm=fit&bgcolor=FFFFFF,,2026-02-28T09:19:35.167989525Z,
manteiga de amendoim,pt,auchan,pt.auchan.2271335,2271335,manteiga prozis amendoim crocante e 100% natural 500g,"4,39 €",,8.78 €/Kg,,,,https://www.auchan.pt/pt/biologicos-e-alternativas/nutricao-desportiva/preparacao-de-refeicoes/manteiga-amendoim-e-especialidades/manteiga-prozis-amendoim-crocante-e-100-natural-500g/2271335.html,https://www.auchan.pt/dw/image/v2/BFRC_PRD/on/demandware.static/-/Sites-auchan-pt-master-catalog/default/dwa668a651/images/hi-res/002271335.jpg?sw=250&sh=250&sm=fit&bgcolor=FFFFFF,,2026-02-28T09:19:35.167989525Z,
manteiga de amendoim,pt,auchan,pt.auchan.3335516,3335516,manteiga calvé amendoim 350g,"3,79 €",,10.83 €/Kg,,,,https://www.auchan.pt/pt/alimentacao/mercearia/cremes-compotas-e-mel/cremes-de-barrar/manteiga-calve-amendoim-350g/3335516.html,https://www.auchan.pt/dw/image/v2/BFRC_PRD/on/demandware.static/-/Sites-auchan-pt-master-catalog/default/dw67f3939f/images/hi-res/003335516.jpg?sw=250&sh=250&sm=fit&bgcolor=FFFFFF,,2026-02-28T09:19:35.167989525Z,
manteiga de amendoim,pt,auchan,pt.auchan.3289928,3289928,manteiga prozis amendoim cremosa 250g,"2,49 €",,9.96 €/Kg,,,,https://www.auchan.pt/pt/biologicos-e-alternativas/nutricao-desportiva/preparacao-de-refeicoes/manteiga-amendoim-e-especialidades/manteiga-prozis-amendoim-cremosa-250g/3289928.html,https://www.auchan.pt/dw/image/v2/BFRC_PRD/on/demandware.static/-/Sites-auchan-pt-master-catalog/default/dwf72f4012/images/hi-res/003289928.jpg?sw=250&sh=250&sm=fit&bgcolor=FFFFFF,,2026-02-28T09:19:35.167989525Z,
manteiga de amendoim,pt,auchan,pt.auchan.2216065,2216065,manteiga amendoim prozis cremosa e 100% natural 500 g,"3,99 €",,7.98 €/Kg,,,,https://www.auchan.pt/pt/biologicos-e-alternativas/nutricao-desportiva/preparacao-de-refeicoes/manteiga-amendoim-e-especialidades/manteiga-amendoim-prozis-cremosa-e-100-natural-500-g/2216065.html,https://www.auchan.pt/dw/image/v2/BFRC_PRD/on/demandware.static/-/Sites-auchan-pt-master-catalog/default/dw6fa9d26c/images/hi-res/002216065.jpg?sw=250&sh=250&sm=fit&bgcolor=FFFFFF,,2026-02-28T09:19:35.167989525Z,
manteiga de amendoim,pt,auchan,pt.auchan.3337444,3337444,manteiga calvé amendoim pedaços 350g,"3,79 €",,10.83 €/Kg,,,,https://www.auchan.pt/pt/alimentacao/mercearia/cremes-compotas-e-mel/cremes-de-barrar/manteiga-calve-amendoim-pedacos-350g/3337444.html,https://www.auchan.pt/dw/image/v2/BFRC_PRD/on/demandware.static/-/Sites-auchan-pt-master-catalog/default/dw82925c74/images/hi-res/003337444.jpg?sw=250&sh=250&sm=fit&bgcolor=FFFFFF,,2026-02-28T09:19:35.167989525Z,
manteiga de amendoim,pt,auchan,pt.auchan.99098,99098,manteiga skippy amendoim creme 340g,"3,79 €",,11.15 €/Kg,,,,https://www.auchan.pt/pt/alimentacao/mercearia/cremes-compotas-e-mel/cremes-de-barrar/manteiga-skippy-amendoim-creme-340g/99098.html,https://www.auchan.pt/dw/image/v2/BFRC_PRD/on/demandware.static/-/Sites-auchan-pt-master-catalog/default/dwa470b8b3/images/hi-res/000099098.jpg?sw=250&sh=250&sm=fit&bgcolor=FFFFFF,,2026-02-28T09:19:35.167989525Z,
manteiga de amendoim,pt,auchan,pt.auchan.3209072,3209072,iogurte yopro manteiga amendoim e banana 160g,"1,29 €",,8.06 €/Kg,,,,https://www.auchan.pt/pt/alimentacao/produtos-lacteos/proteina/iogurtes-proteicos/iogurte-yopro-manteiga-amendoim-e-banana-160g/3209072.html,https://www.auchan.pt/dw/image/v2/BFRC_PRD/on/demandware.static/-/Sites-auchan-pt-master-catalog/default/dw9231b6aa/images/hi-res/003209072.jpg?sw=250&sh=250&sm=fit&bgcolor=FFFFFF,,2026-02-28T09:19:35.167989525Z,
manteiga de amendoim,pt,auchan,pt.auchan.3289926,3289926,manteiga prozis amendoim crocante 250g,"2,79 €",,11.16 €/Kg,,,,https://www.auchan.pt/pt/biologicos-e-alternativas/nutricao-desportiva/preparacao-de-refeicoes/manteiga-amendoim-e-especialidades/manteiga-prozis-amendoim-crocante-250g/3289926.html,https://www.auchan.pt/dw/image/v2/BFRC_PRD/on/demandware.static/-/Sites-auchan-pt-master-catalog/default/dw3371b143/images/hi-res/003289926.jpg?sw=250&sh=250&sm=fit&bgcolor=FFFFFF,,2026-02-28T09:19:35.167989525Z,
manteiga de amendoim,pt,auchan,pt.auchan.2230122,2230122,manteiga prozis amendoim cremosa e 100% natural 1kg,"7,69 €",,7.69 €/Kg,,,,https://www.auchan.pt/pt/biologicos-e-alternativas/nutricao-desportiva/preparacao-de-refeicoes/manteiga-amendoim-e-especialidades/manteiga-prozis-amendoim-cremosa-e-100-natural-1kg/2230122.html,https://www.auchan.pt/dw/image/v2/BFRC_PRD/on/demandware.static/-/Sites-auchan-pt-master-catalog/default/dwcdc8de5b/images/hi-res/002230122.jpg?sw=250&sh=250&sm=fit&bgcolor=FFFFFF,,2026-02-28T09:19:35.167989525Z,
manteiga de amendoim,pt,auchan,pt.auchan.3526449,3526449,waffers loacker manteiga de amendoim 175 g,"2,69 €",,15.37 €/Kg,,,,https://www.auchan.pt/pt/alimentacao/mercearia/bolachas-e-bolos/bolachas-recheadas-e-waffers/waffers-loacker-manteiga-de-amendoim-175-g/3526449.html,https://www.auchan.pt/dw/image/v2/BFRC_PRD/on/demandware.static/-/Sites-auchan-pt-master-catalog/default/dw0ecff6c1/images/hi-res/003526449.jpg?sw=250&sh=250&sm=fit&bgcolor=FFFFFF,,2026-02-28T09:19:35.167989525Z,
manteiga de amendoim,pt,auchan,pt.auchan.3063211,3063211,manteiga calvé 100% amendoim 350g,"4,29 €",,12.26 €/Kg,,,,https://www.auchan.pt/pt/alimentacao/mercearia/cremes-compotas-e-mel/cremes-de-barrar/manteiga-calve-100-amendoim-350g/3063211.html,https://www.auchan.pt/dw/image/v2/BFRC_PRD/on/demandware.static/-/Sites-auchan-pt-master-catalog/default/dwe7c32d46/images/hi-res/003063211.jpg?sw=250&sh=250&sm=fit&bgcolor=FFFFFF,,2026-02-28T09:19:35.167989525Z,
manteiga de amendoim,pt,auchan,pt.auchan.3070986,3070986,manteiga origens bio amendoim 340g,"4,99 €",,14.68 €/Kg,,,,https://www.auchan.pt/pt/alimentacao/mercearia/cremes-compotas-e-mel/cremes-de-barrar/manteiga-origens-bio-amendoim-340g/3070986.html,https://www.auchan.pt/dw/image/v2/BFRC_PRD/on/demandware.static/-/Sites-auchan-pt-master-catalog/default/dw3894daab/images/hi-res/003070986.jpg?sw=250&sh=250&sm=fit&bgcolor=FFFFFF,,2026-02-28T09:19:35.167989525Z,
manteiga de amendoim,pt,auchan,pt.auchan.3070512,3070512,manteiga origens amendoim bio crunchy 340g,"4,99 €",,14.68 €/Kg,,,,https://www.auchan.pt/pt/alimentacao/mercearia/cremes-compotas-e-mel/cremes-de-barrar/manteiga-origens-amendoim-bio-crunchy-340g/3070512.html,https://www.auchan.pt/dw/image/v2/BFRC_PRD/on/demandware.static/-/Sites-auchan-pt-master-catalog/default/dwad5aa060/images/hi-res/003070512.jpg?sw=250&sh=250&sm=fit&bgcolor=FFFFFF,,2026-02-28T09:19:35.167989525Z,
manteiga de amendoim,pt,auchan,pt.auchan.99099,99099,manteiga skippy amendoim crunchy 340g,"3,79 €",,11.15 €/Kg,,,,https://www.auchan.pt/pt/alimentacao/mercearia/cremes-compotas-e-mel/cremes-de-barrar/manteiga-skippy-amendoim-crunchy-340g/99099.html,https://www.auchan.pt/dw/image/v2/BFRC_PRD/on/demandware.static/-/Sites-auchan-pt-master-catalog/default/dw60533604/images/hi-res/000099099.jpg?sw=250&sh=250&sm=fit&bgcolor=FFFFFF,,2026-02-28T09:19:35.167989525Z,
manteiga de amendoim,pt,auchan,pt.auchan.3986346,3986346,snacks cão grain free disney manteiga de amendoim 100g,"2,99 €",,29.9 €/Kg,,,,https://www.auchan.pt/pt/animais/caes/comida-para-caes/snacks-e-ossos/snacks-cao-grain-free-disney-manteiga-de-amendoim-100g/3986346.html,https://www.auchan.pt/dw/image/v2/BFRC_PRD/on/demandware.static/-/Sites-auchan-pt-master-catalog/default/dw01a4b4dd/images/hi-res/003986346.jpg?sw=250&sh=250&sm=fit&bgcolor=FFFFFF,,2026-02-28T09:19:35.167989525Z,
manteiga de amendoim,pt,auchan,pt.auchan.2704801,2704801,snack de chocolate kitkat chunky manteiga amendoim 4x42g,"3,59 €",,21.37 €/Kg,,,,https://www.auchan.pt/pt/alimentacao/mercearia/chocolates-e-achocolatados/bombons-e-snacks/snack-de-chocolate-kitkat-chunky-manteiga-amendoim-4x42g/2704801.html,https://www.auchan.pt/dw/image/v2/BFRC_PRD/on/demandware.static/-/Sites-auchan-pt-master-catalog/default/dw199113ac/images/hi-res/002704801.jpg?sw=250&sh=250&sm=fit&bgcolor=FFFFFF,,2026-02-28T09:19:35.167989525Z,
manteiga de amendoim,pt,auchan,pt.auchan.3722902,3722902,amendoim em pó auchan 200g,"2,75 €",,13.75 €/Kg,,,,https://www.auchan.pt/pt/biologicos-e-alternativas/nutricao-desportiva/preparacao-de-refeicoes/manteiga-amendoim-e-especialidades/amendoim-em-po-auchan-200g/3722902.html,https://www.auchan.pt/dw/image/v2/BFRC_PRD/on/demandware.static/-/Sites-auchan-pt-master-catalog/default/dw4562737e/images/hi-res/003722902.jpg?sw=250&sh=250&sm=fit&bgcolor=FFFFFF,,2026-02-28T09:19:35.167989525Z,
manteiga de amendoim,pt,auchan,pt.auchan.3987491,3987491,chocolate reese's manteiga de amendoim 2 cups 39.5g,"1,09 €",,27.25 €/Kg,,,,https://www.auchan.pt/pt/alimentacao/mercearia/chocolates-e-achocolatados/tablete-chocolate-com-cereais-e-frutos-secos/chocolate-reeses-manteiga-de-amendoim-2-cups-39.5g/3987491.html,https://www.auchan.pt/dw/image/v2/BFRC_PRD/on/demandware.static/-/Sites-auchan-pt-master-catalog/default/dw360bd944/images/hi-res/003987491.jpg?sw=250&sh=250&sm=fit&bgcolor=FFFFFF,,2026-02-28T09:19:35.167989525Z,
manteiga de amendoim,pt,auchan,pt.auchan.3458091,3458091,bolacha kookie cat com manteiga de amendoim coberta com chocolate bio 50g,"2,49 €",,49.8 €/Kg,,,,https://www.auchan.pt/pt/alimentacao/mercearia/bolachas-e-bolos/bolachas-cobertas-e-cookies/bolacha-kookie-cat-com-manteiga-de-amendoim-coberta-com-chocolate-bio-50g/3458091.html,https://www.auchan.pt/dw/image/v2/BFRC_PRD/on/demandware.static/-/Sites-auchan-pt-master-catalog/default/dw96024eb0/images/hi-res/003458091.jpg?sw=250&sh=250&sm=fit&bgcolor=FFFFFF,,2026-02-28T09:19:35.167989525Z,
manteiga de amendoim,pt,auchan,pt.auchan.3986049,3986049,manteiga amendoim bio biomit cremosa 230g,"3,05 €",,13.26 €/Kg,,,,https://www.auchan.pt/pt/alimentacao/mercearia/cremes-compotas-e-mel/cremes-de-barrar/manteiga-amendoim-bio-biomit-cremosa-230g/3986049.html,https://www.auchan.pt/dw/image/v2/BFRC_PRD/on/demandware.static/-/Sites-auchan-pt-master-catalog/default/dw3b0b8feb/images/hi-res/003986049.jpg?sw=250&sh=250&sm=fit&bgcolor=FFFFFF,,2026-02-28T09:19:35.167989525Z,
manteiga de amendoim,pt,auchan,pt.auchan.3316350,3316350,chocolate reese's manteiga amendoim 2 cups 42g,"1,09 €",,25.95 €/Kg,,,,https://www.auchan.pt/pt/alimentacao/mercearia/chocolates-e-achocolatados/tablete-chocolate-com-cereais-e-frutos-secos/chocolate-reeses-manteiga-amendoim-2-cups-42g/3316350.html,https://www.auchan.pt/dw/image/v2/BFRC_PRD/on/demandware.static/-/Sites-auchan-pt-master-catalog/default/dwd320e848/images/hi-res/003316350.jpg?sw=250&sh=250&sm=fit&bgcolor=FFFFFF,,2026-02-28T09:19:35.167989525Z,
leite de soja,pt,continente,pt.continente.8244162,8244162,Bebida Vegetal de Soja sem Açúcar Continente Equilíbrio,,,"0,79€/lt",emb. 1 lt,,,,https://www.continente.pt/dw/image/v2/BDVS_PRD/on/demandware.static/-/Sites-col-master-catalog/default/dwbcfc3442/images/col/824/8244162-hero.jpg?sw=280&sh=280,,2026-02-28T09:19:37.061848570Z,
leite de soja,pt,continente,pt.continente.8244135,8244135,Bebida Vegetal de Soja Continente,,,"0,79€/lt",emb. 1 lt,,,,https://www.continente.pt/dw/image/v2/BDVS_PRD/on/demandware.static/-/Sites-col-master-catalog/default/dw49792b78/images/col/824/8244135-hero.jpg?sw=280&sh=280,,2026-02-28T09:19:37.061848570Z,
leite de soja,pt,continente,pt.continente.8244136,8244136,Bebida Vegetal de Soja e Baunilha Continente,,,"0,94€/lt",emb. 1 lt,,,,https://www.continente.pt/dw/image/v2/BDVS_PRD/on/demandware.static/-/Sites-col-master-catalog/default/dwa8f944e5/images/col/824/8244136-hero.jpg?sw=280&sh=280,,2026-02-28T09:19:37.061848570Z,
leite de soja,pt,continente,pt.continente.6437051,6437051,Bebida Vegetal de Soja Continente Bio,,,"0,94€/lt",emb. 1 lt,,,,https://www.continente.pt/dw/image/v2/BDVS_PRD/on/demandware.static/-/Sites-col-master-catalog/default/dwb86bc70a/images/col/643/6437051-frente.jpg?sw=280&sh=280,,2026-02-28T09:19:37.061848570Z,
leite de soja,pt,continente,pt.continente.8244167,8244167,Bebida Vegetal de Soja Light Continente,,,"0,79€/lt",emb. 1 lt,,,,https://www.continente.pt/dw/image/v2/BDVS_PRD/on/demandware.static/-/Sites-col-master-catalog/default/dw90235406/images/col/824/8244167-hero.jpg?sw=280&sh=280,,2026-02-28T09:19:37.061848570Z,
leite de soja,pt,continente,pt.continente.8244157,8244157,Bebida Vegetal de Soja e Chocolate Continente,,,"0,94€/lt",emb. 1 lt,,,,https://www.continente.pt/dw/image/v2/BDVS_PRD/on/demandware.static/-/Sites-col-master-catalog/default/dw5dc37c7c/images/col/824/8244157-hero.jpg?sw=280&sh=280,,2026-02-28T09:19:37.061848570Z,
leite de soja,pt,continente,pt.continente.7576707,7576707,Bebida Vegetal de Soja Proteína Chocolate Alpro,,,"4,76€/lt",emb. 250 ml,,,,https://www.continente.pt/dw/image/v2/BDVS_PRD/on/demandware.static/-/Sites-col-master-catalog/default/dw10bef1ec/images/col/757/7576707-frente.png?sw=280&sh=280,,2026-02-28T09:19:37.061848570Z,
leite de soja,pt,continente,pt.continente.2456593,2456593,Bebida Vegetal de Soja Original Alpro,,,"1,99€/lt",emb. 1 lt,,,,https://www.continente.pt/dw/image/v2/BDVS_PRD/on/demandware.static/-/Sites-col-master-catalog/default/dw7324280c/images/col/245/2456593-frente.jpg?sw=280&sh=280,,2026-02-28T09:19:37.061848570Z,
leite de soja,pt,continente,pt.continente.7732033,7732033,Bebida Vegetal de Soja Baunilha Continente,,,"1,98€/lt",emb. 3 x 200 ml,,,,https://www.continente.pt/dw/image/v2/BDVS_PRD/on/demandware.static/-/Sites-col-master-catalog/default/dw2fce6e9e/images/col/773/7732033-frente.jpg?sw=280&sh=280,,2026-02-28T09:19:37.061848570Z,
leite de soja,pt,continente,pt.continente.7539355,7539355,Bebida Vegetal de Soja Chocolate Continente,,,"1,98€/lt",emb. 3 x 200 ml,,,,https://www.continente.pt/dw/image/v2/BDVS_PRD/on/demandware.static/-/Sites-col-master-catalog/default/dw31d61a53/images/col/753/7539355-frente.jpg?sw=280&sh=280,,2026-02-28T09:19:37.061848570Z,
leite de soja,pt,continente,pt.continente.2757310,2757310,Bebida Vegetal de Soja Baunilha Alpro,,,"2,59€/lt",emb. 1 lt,,,,https://www.continente.pt/dw/image/v2/BDVS_PRD/on/demandware.static/-/Sites-col-master-catalog/default/dw1765e9f9/images/col/275/2757310-frente.jpg?sw=280&sh=280,,2026-02-28T09:19:37.061848570Z,
leite de soja,pt,continente,pt.continente.2673216,2673216,Bebida Vegetal de Soja Chocolate Alpro,,,"2,59€/lt",emb. 1 lt,,,,https://www.continente.pt/dw/image/v2/BDVS_PRD/on/demandware.static/-/Sites-col-master-catalog/default/dw761e0be7/images/col/267/2673216-cima.jpg?sw=280&sh=280,,2026-02-28T09:19:37.061848570Z,
leite de soja,pt,continente,pt.continente.3035597,3035597,Bebida Vegetal de Soja Alpro,,,"3,99€/lt",emb. 3 x 250 ml,,,,https://www.continente.pt/dw/image/v2/BDVS_PRD/on/demandware.static/-/Sites-col-master-catalog/default/dwd18c9880/images/col/303/3035597-frente.jpg?sw=280&sh=280,,2026-02-28T09:19:37.061848570Z,
leite de soja,pt,continente,pt.continente.4064482,4064482,Bebida Vegetal de Soja Chocolate Light Alpro,,,"4,39€/lt",emb. 3 x 250 ml,,,,https://www.continente.pt/dw/image/v2/BDVS_PRD/on/demandware.static/-/Sites-col-master-catalog/default/dw3b9d49a0/images/col/406/4064482-frente.png?sw=280&sh=280,,2026-02-28T09:19:37.061848570Z,
leite de soja,pt,continente,pt.continente.7163109,7163109,Bebida Vegetal de Soja Proteína Alpro,,,"2,69€/lt",emb. 1 lt,,,,https://www.continente.pt/dw/image/v2/BDVS_PRD/on/demandware.static/-/Sites-col-master-catalog/default/dwea6d873f/images/col/716/7163109-frente.jpg?sw=280&sh=280,,2026-02-28T09:19:37.061848570Z,
leite de soja,pt,continente,pt.continente.7388879,7388879,Bebida Vegetal de Soja Proteína Chocolate Alpro,,,"2,69€/lt",emb. 1 lt,,,,https://www.continente.pt/dw/image/v2/BDVS_PRD/on/demandware.static/-/Sites-col-master-catalog/default/dwc02caee7/images/col/738/7388879-frente.jpg?sw=280&sh=280,,2026-02-28T09:19:37.061848570Z,
leite de soja,pt,continente,pt.continente.7100536,7100536,Bebida Vegetal de Soja Barista Joya,,,"2,29€/lt",emb. 1 lt,,,,https://www.continente.pt/dw/image/v2/BDVS_PRD/on/demandware.static/-/Sites-col-master-catalog/default/dw53e27b74/images/col/710/7100536-frente.png?sw=280&sh=280,,2026-02-28T09:19:37.061848570Z,
leite de soja,pt,continente,pt.continente.2377603,2377603,Bebida Vegetal de Soja sem Açúcar Alpro,,,"1,99€/lt",emb. 1 lt,,,,https://www.continente.pt/dw/image/v2/BDVS_PRD/on/demandware.static/-/Sites-col-master-catalog/default/dwff04496f/images/col/237/2377603-cima.jpg?sw=280&sh=280,,2026-02-28T09:19:37.061848570Z,
leite de soja,pt,continente,pt.continente.4804709,4804709,Bebida Vegetal de Soja Frutos Vermelhos Alpro,,,"3,99€/lt",emb. 3 x 250 ml,,,,https://www.continente.pt/dw/image/v2/BDVS_PRD/on/demandware.static/-/Sites-col-master-catalog/default/dw733f8f6d/images/col/480/4804709-frente.png?sw=280&sh=280,,2026-02-28T09:19:37.061848570Z,
leite de soja,pt,continente,pt.continente.2377567,2377567,Bebida Vegetal de Soja Baunilha Alpro,,,"3,96€/lt",emb. 250 ml,,,,https://www.continente.pt/dw/image/v2/BDVS_PRD/on/demandware.static/-/Sites-col-master-catalog/default/dw95b43d61/images/col/237/2377567-frente.png?sw=280&sh=280,,2026-02-28T09:19:37.061848570Z,
leite de soja,pt,continente,pt.continente.7576708,7576708,Bebida Vegetal de Soja Proteína Caramelo Café Alpro,,,"4,76€/lt",emb. 250 ml,,,,https://www.continente.pt/dw/image/v2/BDVS_PRD/on/demandware.static/-/Sites-col-master-catalog/default/dwece7130f/images/col/757/7576708-frente.png?sw=280&sh=280,,2026-02-28T09:19:37.061848570Z,
leite de soja,pt,continente,pt.continente.2922825,2922825,Bebida Vegetal de Soja Natural Light Alpro,,,"1,99€/lt",emb. 1 lt,,,,https://www.continente.pt/dw/image/v2/BDVS_PRD/on/demandware.static/-/Sites-col-master-catalog/default/dw5657e72b/images/col/292/2922825-cima.jpg?sw=280&sh=280,,2026-02-28T09:19:37.061848570Z,
leite de soja,pt,continente,pt.continente.5458867,5458867,Bebida Vegetal de Soja Original Shoyce Hug,,,"2,32€/lt",emb. 3 x 200 ml,,,,https://www.continente.pt/dw/image/v2/BDVS_PRD/on/demandware.static/-/Sites-col-master-catalog/default/dw3ebbb63b/images/col/545/5458867-frente.png?sw=280&sh=280,,2026-02-28T09:19:37.061848570Z,
leite de soja,pt,continente,pt.continente.5611273,5611273,Bebida Vegetal de Soja Baunilha Shoyce Hug,,,"2,82€/lt",emb. 3 x 200 ml,,,,https://www.continente.pt/dw/image/v2/BDVS_PRD/on/demandware.static/-/Sites-col-master-catalog/default/dw92424572/images/col/561/5611273-frente.png?sw=280&sh=280,,2026-02-28T09:19:37.061848570Z,
leite de soja,pt,continente,pt.continente.4052550,4052550,Bebida Vegetal de Soja Chocolate Vive Soy,,,"2,29€/lt",emb. 1 lt,,,,https://www.continente.pt/dw/image/v2/BDVS_PRD/on/demandware.static/-/Sites-col-master-catalog/default/dwf8342663/images/col/405/4052550-frente.png?sw=280&sh=280,,2026-02-28T09:19:37.061848570Z,
leite de soja,pt,continente,pt.continente.4052548,4052548,Bebida Vegetal de Soja Baunilha Vive Soy,,,"2,29€/lt",emb. 1 lt,,,,https://www.continente.pt/dw/image/v2/BDVS_PRD/on/demandware.static/-/Sites-col-master-catalog/default/dw244f5bbf/images/col/405/4052548-frente.png?sw=280&sh=280,,2026-02-28T09:19:37.061848570Z,
leite de soja,pt,continente,pt.continente.5214514,5214514,Bebida Vegetal de Soja Natural Continente Equilíbrio,,,"1,65€/lt",emb. 3 x 200 ml,,,,https://www.continente.pt/dw/image/v2/BDVS_PRD/on/demandware.static/-/Sites-col-master-catalog/default/dw9064fde6/images/col/521/5214514-frente.jpg?sw=280&sh=280,,2026-02-28T09:19:37.061848570Z,
leite de soja,pt,continente,pt.continente.7158094,7158094,Bebida Vegetal de Soja Proteína Chocolate Shoyce Hug,,,"4,35€/lt",emb. 200 ml,,,,https://www.continente.pt/dw/image/v2/BDVS_PRD/on/demandware.static/-/Sites-col-master-catalog/default/dwb20f0829/images/col/715/7158094-frente.png?sw=280&sh=280,,2026-02-28T09:19:37.061848570Z,
leite de soja,pt,continente,pt.continente.8152864,8152864,Bebida Vegetal de Soja Original Alpro,,,"1,58€/lt",emb. 6 x 1lt,,,,https://www.continente.pt/dw/image/v2/BDVS_PRD/on/demandware.static/-/Sites-col-master-catalog/default/dw943f41da/images/col/815/8152864-frente.png?sw=280&sh=280,,2026-02-28T09:19:37.061848570Z,
leite de soja,pt,continente,pt.continente.4052545,4052545,Bebida Vegetal de Soja Natural com Cálcio Vive Soy,,,"1,69€/lt",emb. 1 lt,,,,https://www.continente.pt/dw/image/v2/BDVS_PRD/on/demandware.static/-/Sites-col-master-catalog/default/dwb962ac0a/images/col/405/4052545-frente.jpg?sw=280&sh=280,,2026-02-28T09:19:37.061848570Z,
leite de soja,pt,continente,pt.continente.2660011,2660011,Bebida Vegetal de Soja Crescimento 1-3 Anos Alpro,,,"2,59€/lt",emb. 1 lt,,,,https://www.continente.pt/dw/image/v2/BDVS_PRD/on/demandware.static/-/Sites-col-master-catalog/default/dw2298b2c2/images/col/266/2660011-frente.png?sw=280&sh=280,,2026-02-28T09:19:37.061848570Z,
leite de soja,pt,continente,pt.continente.7775230,7775230,Bebida Vegetal Coco e Soja Barista sem Açúcar Joya,,,"2,31€/lt",emb. 1 lt,,,,https://www.continente.pt/dw/image/v2/BDVS_PRD/on/demandware.static/-/Sites-col-master-catalog/default/dwbfcf9660/images/col/777/7775230-frente.png?sw=280&sh=280,,2026-02-28T09:19:37.061848570Z,
leite de soja,pt,continente,pt.continente.5954438,5954438,Bebida Vegetal de Soja Joya,,,"2,19€/lt",emb. 1 lt,,,,https://www.continente.pt/dw/image/v2/BDVS_PRD/on/demandware.static/-/Sites-col-master-catalog/default/dwbfee371d/images/col/595/5954438-frente.png?sw=280&sh=280,,2026-02-28T09:19:37.061848570Z,
leite de soja,pt,continente,pt.continente.8716984,8716984,Iogurte com Base de Soja Meal to Go Chocolate e Banana Alpro,,,"5,98€/lt",emb. 500 ml,,,,https://www.continente.pt/dw/image/v2/BDVS_PRD/on/demandware.static/-/Sites-col-master-catalog/default/dw37b2ce20/images/col/871/8716984-frente.jpg?sw=280&sh=280,,2026-02-28T09:19:37.061848570Z,
leite de soja,pt,continente,pt.continente.8244163,8244163,Bebida Vegetal de Aveia sem Açúcar Continente,,,"0,99€/lt",emb. 1 lt,,,,https://www.continente.pt/dw/image/v2/BDVS_PRD/on/demandware.static/-/Sites-col-master-catalog/default/dw4454d074/images/col/824/8244163-hero.jpg?sw=280&sh=280,,2026-02-28T09:19:37.061848570Z,
leite de soja,pt,pingo-doce,pt.pingo-doce.865339,865339,Lava Tudo PH Neutro Leite de Amêndoas,2.99,2.24,1.72 €/L,1.3 L,Sonasol,,https://www.pingodoce.pt/home/produtos/limpeza/casa/lava-tudo/lava-tudo-ph-neutro-leite-de-amendoas-sonasol-865339.html,https://www.pingodoce.pt/dw/image/v2/BLJJ_PRD/on/demandware.static/-/Sites-pingo-doce-master/default/dwd6dd6143/images/medium/865339_bf699dc4c3f0ebd998b975daf6fe119b.jpg?sw=198,,2026-02-28T09:19:35.975028145Z,"{'externalCategories': ['Limpeza', 'Casa', 'Lava Tudo']}"
leite de soja,pt,minipreco,pt.minipreco.900851,900851,AUCHAN Bebida Soja UHT sem Açúcares 1 L,"0,79 €",,"(0,79 €/l.)",,,,https://www.minipreco.pt/produtos/laticinios-e-ovos/leite/bebidas-vegetais/p/900851,https://s1.minipreco.pt/medias/hb0/hd1/9424149086238.jpg,,2026-02-28T09:19:37.592462891Z,
leite de soja,pt,minipreco,pt.minipreco.901758,901758,AUCHAN Bebida Soja Chocolate 3x200 ml,"1,19 €",,"(1,98 €/l.)",,,,https://www.minipreco.pt/produtos/laticinios-e-ovos/leite/bebidas-vegetais/p/901758,https://s1.minipreco.pt/medias/h83/h8a/9355826266142.jpg,,2026-02-28T09:19:37.592462891Z,
leite de soja,pt,minipreco,pt.minipreco.900835,900835,AUCHAN Bebida Soja sem Glúten 1 L,"0,79 €",,"(0,79 €/l.)",,,,https://www.minipreco.pt/produtos/laticinios-e-ovos/leite/bebidas-vegetais/p/900835,https://s2.minipreco.pt/medias/hee/h08/9424145547294.jpg,,2026-02-28T09:19:37.592462891Z,
leite de soja,pt,minipreco,pt.minipreco.902147,902147,AUCHAN Molho de Soja 192 ml,"0,99 €",,"(5,16 €/l.)",,,,https://www.minipreco.pt/produtos/mercearia/sal-temperos-e-molhos/molhos-e-temperos/p/902147,https://s2.minipreco.pt/medias/h64/h7c/9273230688286.jpg,,2026-02-28T09:19:37.592462891Z,
leite de soja,pt,minipreco,pt.minipreco.902166,902166,AUCHAN Milho Piri-Piri 195 ml,"0,43 €",,"(2,21 €/l.)",,,,https://www.minipreco.pt/produtos/mercearia/sal-temperos-e-molhos/molhos-e-temperos/p/902166,https://s0.minipreco.pt/medias/h77/h07/9263868575774.jpg,,2026-02-28T09:19:37.592462891Z,
leite de soja,pt,minipreco,pt.minipreco.902167,902167,AUCHAN Molho Inglês 192 ml,"0,99 €",,"(5,16 €/l.)",,,,https://www.minipreco.pt/produtos/mercearia/sal-temperos-e-molhos/molhos-e-temperos/p/902167,https://s0.minipreco.pt/medias/hdb/hf8/9263865626654.jpg,,2026-02-28T09:19:37.592462891Z,
leite de soja,pt,minipreco,pt.minipreco.900832,900832,AUCHAN Bebida Aveia sem Açúcares 1 L,"0,95 €",,"(0,95 €/l.)",,,,https://www.minipreco.pt/produtos/laticinios-e-ovos/leite/bebidas-vegetais/p/900832,https://s0.minipreco.pt/medias/h59/h62/9424146923550.jpg,,2026-02-28T09:19:37.592462891Z,
leite de soja,pt,minipreco,pt.minipreco.900830,900830,AUCHAN Bebida Amêndoa sem Glúten 1 L,"1,05 €",,"(1,05 €/l.)",,,,https://www.minipreco.pt/produtos/laticinios-e-ovos/leite/bebidas-vegetais/p/900830,https://s1.minipreco.pt/medias/h96/hd6/9424148430878.jpg,,2026-02-28T09:19:37.592462891Z,
leite de soja,pt,minipreco,pt.minipreco.900859,900859,AUCHAN Bebida UHT Amêndoa sem Açúcares 1 L,"1,35 €",,"(1,35 €/l.)",,,,https://www.minipreco.pt/produtos/laticinios-e-ovos/leite/bebidas-vegetais/p/900859,https://s3.minipreco.pt/medias/h4a/hb1/9424156557342.jpg,,2026-02-28T09:19:37.592462891Z,
leite de soja,pt,minipreco,pt.minipreco.900857,900857,AUCHAN Bebida Arroz sem Glúten 1 L,"0,99 €",,"(0,99 €/l.)",,,,https://www.minipreco.pt/produtos/laticinios-e-ovos/leite/bebidas-vegetais/p/900857,https://s2.minipreco.pt/medias/hfc/hf6/9424155901982.jpg,,2026-02-28T09:19:37.592462891Z,
leite de soja,pt,minipreco,pt.minipreco.285658,285658,ALPRO Bebida Vegetal Amêndoa sem Açúcar 1 L,"1,79 €",,"(1,79 €/l.)",,,,https://www.minipreco.pt/produtos/equilibrio-e-bio/laticinios/leite-bio-e-leite-sem-lactose/p/285658,https://s2.minipreco.pt/medias/h93/h41/9080860901406.jpg,,2026-02-28T09:19:37.592462891Z,
leite de soja,pt,minipreco,pt.minipreco.195043,195043,MIMOSA Leite Magro Sem Lactose 1 L,"1,29 €",,"(1,29 €/l.)",,,,https://www.minipreco.pt/produtos/laticinios-e-ovos/leite/bebidas-vegetais/p/195043,https://s1.minipreco.pt/medias/h69/hb7/9081774702622.jpg,,2026-02-28T09:19:37.592462891Z,
leite de soja,pt,minipreco,pt.minipreco.13088,13088,ALPRO Creme Vegetal de Soja para Barrar 225 g,"1,99 €",,"(8,84 €/Kg.)",,,,https://www.minipreco.pt/produtos/laticinios-e-ovos/manteigas-margarinas-e-cremes-para-barrar/manteiga-e-cremes-para-barrar/p/13088,https://s3.minipreco.pt/medias/h02/h27/9056883703838.jpg,,2026-02-28T09:19:37.592462891Z,
leite de soja,pt,minipreco,pt.minipreco.301092,301092,ALPRO Yofu de Soja Tropical Plant Protein 200 g,"1,69 €",,"(8,45 €/Kg.)",,,,https://www.minipreco.pt/produtos/laticinios-e-ovos/iogurtes/proteicos/p/301092,https://s0.minipreco.pt/medias/hbf/h4a/9111634411550.jpg,,2026-02-28T09:19:37.592462891Z,
leite de soja,pt,minipreco,pt.minipreco.262214,262214,MIMOSA Leite Meio Gordo Sem Lactose UHT 200 ml,"0,53 €",,"(2,65 €/l.)",,,,https://www.minipreco.pt/produtos/laticinios-e-ovos/leite/leite-meio-gordo-e-gordo/p/262214,https://s1.minipreco.pt/medias/h3b/h02/9095127564318.jpg,,2026-02-28T09:19:37.592462891Z,
leite de soja,pt,minipreco,pt.minipreco.6692,6692,MIMOSA Leite Magro 1 L,"0,90 €",,"(0,90 €/l.)",,,,https://www.minipreco.pt/produtos/laticinios-e-ovos/leite/leite-magro/p/6692,https://s2.minipreco.pt/medias/h99/h14/9081774374942.jpg,,2026-02-28T09:19:37.592462891Z,
leite de soja,pt,minipreco,pt.minipreco.12390,12390,MATINAL Leite Magro 1 L,"1,14 €",,"(1,14 €/l.)",,,,https://www.minipreco.pt/produtos/laticinios-e-ovos/leite/leite-magro/p/12390,https://s0.minipreco.pt/medias/hc2/h92/9048650678302.jpg,,2026-02-28T09:19:37.592462891Z,
leite de soja,pt,minipreco,pt.minipreco.273503,273503,GRESSO Leite Magro 1 L,"0,91 €",,"(0,91 €/l.)",,,,https://www.minipreco.pt/produtos/laticinios-e-ovos/leite/leite-magro/p/273503,https://s3.minipreco.pt/medias/h9a/h85/9191034290206.jpg,,2026-02-28T09:19:37.592462891Z,
leite de soja,pt,minipreco,pt.minipreco.902034,902034,POLEGAR Leite Magro UHT 1 L,"0,85 €",,"(0,85 €/l.)",,,,https://www.minipreco.pt/produtos/laticinios-e-ovos/leite/leite-magro/p/902034,https://s0.minipreco.pt/medias/hca/h5c/9263866609694.jpg,,2026-02-28T09:19:37.592462891Z,
leite de soja,pt,minipreco,pt.minipreco.182895,182895,MIMOSA Leite Meio Gordo Sem Lactose 1 L,"1,29 €",,"(1,29 €/l.)",,,,https://www.minipreco.pt/produtos/laticinios-e-ovos/leite/bebidas-vegetais/p/182895,https://s0.minipreco.pt/medias/hf4/hbe/9081773391902.jpg,,2026-02-28T09:19:37.592462891Z,
leite de soja,pt,minipreco,pt.minipreco.902102,902102,AUCHAN Leite Magro UHT sem Lactose 1 L,"1,08 €",,"(1,08 €/l.)",,,,https://www.minipreco.pt/produtos/laticinios-e-ovos/leite/leite-sem-lactose/p/902102,https://s0.minipreco.pt/medias/h33/h89/9273220857886.jpg,,2026-02-28T09:19:37.592462891Z,
leite de soja,pt,minipreco,pt.minipreco.902100,902100,AUCHAN Leite Meio Gordo UHT sem Lactose 1 L,"1,08 €",,"(1,08 €/l.)",,,,https://www.minipreco.pt/produtos/laticinios-e-ovos/leite/leite-sem-lactose/p/902100,https://s1.minipreco.pt/medias/h60/h7a/9267776454686.jpg,,2026-02-28T09:19:37.592462891Z,
leite de soja,pt,minipreco,pt.minipreco.6694,6694,MIMOSA Leite UHT Gordo 1 L,"1,19 €",,"(1,19 €/l.)",,,,https://www.minipreco.pt/produtos/laticinios-e-ovos/leite/leite-meio-gordo-e-gordo/p/6694,https://s2.minipreco.pt/medias/h27/h0f/9081773719582.jpg,,2026-02-28T09:19:37.592462891Z,
leite de soja,pt,minipreco,pt.minipreco.6693,6693,MIMOSA Leite UHT Meio Gordo 1 L,"0,90 €",,"(0,90 €/l.)",,,,https://www.minipreco.pt/produtos/laticinios-e-ovos/leite/leite-meio-gordo-e-gordo/p/6693,https://s1.minipreco.pt/medias/hf3/he4/9081775030302.jpg,,2026-02-28T09:19:37.592462891Z,
leite de soja,pt,auchan,pt.auchan.3322551,3322551,bebida auchan soja sem açúcares 1l,"0,79 €",,0.79 €/Lt,,,,https://www.auchan.pt/pt/alimentacao/produtos-lacteos/bebidas-vegetais/soja/bebida-auchan-soja-sem-acucares-1l/3322551.html,https://www.auchan.pt/dw/image/v2/BFRC_PRD/on/demandware.static/-/Sites-auchan-pt-master-catalog/default/dwbf856479/images/hi-res/003322551.jpg?sw=250&sh=250&sm=fit&bgcolor=FFFFFF,,2026-02-28T09:19:40.097000510Z,
leite de soja,pt,auchan,pt.auchan.3009112,3009112,bebida auchan soja sem glúten 1l,"0,79 €",,0.79 €/Lt,,,,https://www.auchan.pt/pt/alimentacao/produtos-lacteos/bebidas-vegetais/soja/bebida-auchan-soja-sem-gluten-1l/3009112.html,https://www.auchan.pt/dw/image/v2/BFRC_PRD/on/demandware.static/-/Sites-auchan-pt-master-catalog/default/dw70f6ed51/images/hi-res/003009112.jpg?sw=250&sh=250&sm=fit&bgcolor=FFFFFF,,2026-02-28T09:19:40.097000510Z,
leite de soja,pt,auchan,pt.auchan.3031183,3031183,bebida soja auchan natural bio 1l,"0,94 €",,0.94 €/Lt,,,,https://www.auchan.pt/pt/alimentacao/produtos-lacteos/bebidas-vegetais/soja/bebida-soja-auchan-natural-bio-1l/3031183.html,https://www.auchan.pt/dw/image/v2/BFRC_PRD/on/demandware.static/-/Sites-auchan-pt-master-catalog/default/dw20eec1b6/images/hi-res/003031183.jpg?sw=250&sh=250&sm=fit&bgcolor=FFFFFF,,2026-02-28T09:19:40.097000510Z,
leite de soja,pt,auchan,pt.auchan.547713,547713,bebida alpro soja chocolate 3x250ml,"2,99 €",,3.99 €/Lt,,,,https://www.auchan.pt/pt/alimentacao/produtos-lacteos/bebidas-vegetais/bebidas-vegetais-aromatizadas/bebida-alpro-soja-chocolate-3x250ml/547713.html,https://www.auchan.pt/dw/image/v2/BFRC_PRD/on/demandware.static/-/Sites-auchan-pt-master-catalog/default/dw8185c151/images/hi-res/000547713.jpg?sw=250&sh=250&sm=fit&bgcolor=FFFFFF,,2026-02-28T09:19:40.097000510Z,
leite de soja,pt,auchan,pt.auchan.2120822,2120822,bebida auchan soja baunilha 1l,"0,94 €",,0.94 €/Lt,,,,https://www.auchan.pt/pt/alimentacao/produtos-lacteos/bebidas-vegetais/bebidas-vegetais-aromatizadas/bebida-auchan-soja-baunilha-1l/2120822.html,https://www.auchan.pt/dw/image/v2/BFRC_PRD/on/demandware.static/-/Sites-auchan-pt-master-catalog/default/dw4647cbfb/images/hi-res/002120822.jpg?sw=250&sh=250&sm=fit&bgcolor=FFFFFF,,2026-02-28T09:19:40.097000510Z,
leite de soja,pt,auchan,pt.auchan.833036,833036,bebida alpro soja chocolate light 3x250ml,"3,29 €",,4.39 €/Lt,,,,https://www.auchan.pt/pt/alimentacao/produtos-lacteos/bebidas-vegetais/bebidas-vegetais-aromatizadas/bebida-alpro-soja-chocolate-light-3x250ml/833036.html,https://www.auchan.pt/dw/image/v2/BFRC_PRD/on/demandware.static/-/Sites-auchan-pt-master-catalog/default/dw8b55eebb/images/hi-res/000833036.jpg?sw=250&sh=250&sm=fit&bgcolor=FFFFFF,,2026-02-28T09:19:40.097000510Z,
leite de soja,pt,auchan,pt.auchan.427039,427039,bebida alpro soja sem açúcar 1l,"2,59 €",,2.59 €/Lt,,,,https://www.auchan.pt/pt/alimentacao/produtos-lacteos/bebidas-vegetais/soja/bebida-alpro-soja-sem-acucar-1l/427039.html,https://www.auchan.pt/dw/image/v2/BFRC_PRD/on/demandware.static/-/Sites-auchan-pt-master-catalog/default/dw0188df3f/images/hi-res/000427039.jpg?sw=250&sh=250&sm=fit&bgcolor=FFFFFF,,2026-02-28T09:19:40.097000510Z,
leite de soja,pt,auchan,pt.auchan.2962757,2962757,bebida provamel de soja natura sem açúcar bio 1l,"2,15 €",,2.15 €/Lt,,,,https://www.auchan.pt/pt/alimentacao/produtos-lacteos/bebidas-vegetais/soja/bebida-provamel-de-soja-natura-sem-acucar-bio-1l/2962757.html,https://www.auchan.pt/dw/image/v2/BFRC_PRD/on/demandware.static/-/Sites-auchan-pt-master-catalog/default/dw5f97c993/images/hi-res/002962757.jpg?sw=250&sh=250&sm=fit&bgcolor=FFFFFF,,2026-02-28T09:19:40.097000510Z,
leite de soja,pt,auchan,pt.auchan.3477068,3477068,bebida alpro soja natural 1 lt,"1,99 €",,1.99 €/Lt,,,,https://www.auchan.pt/pt/alimentacao/produtos-lacteos/bebidas-vegetais/soja/bebida-alpro-soja-natural-1-lt/3477068.html,https://www.auchan.pt/dw/image/v2/BFRC_PRD/on/demandware.static/-/Sites-auchan-pt-master-catalog/default/dw991e1912/images/hi-res/003477068.jpg?sw=250&sh=250&sm=fit&bgcolor=FFFFFF,,2026-02-28T09:19:40.097000510Z,
leite de soja,pt,auchan,pt.auchan.521076,521076,bebida alpro soja chocolate 1l," 2,49 € ","1,99 €",1.99 €/Lt,,,,https://www.auchan.pt/pt/alimentacao/produtos-lacteos/bebidas-vegetais/bebidas-vegetais-aromatizadas/bebida-alpro-soja-chocolate-1l/521076.html,https://www.auchan.pt/dw/image/v2/BFRC_PRD/on/demandware.static/-/Sites-auchan-pt-master-catalog/default/dwa24be8be/images/hi-res/000521076.jpg?sw=250&sh=250&sm=fit&bgcolor=FFFFFF,,2026-02-28T09:19:40.097000510Z,
leite de soja,pt,auchan,pt.auchan.565831,565831,bebida alpro soja baunilha 1l,"1,99 €",,1.99 €/Lt,,,,https://www.auchan.pt/pt/alimentacao/produtos-lacteos/bebidas-vegetais/bebidas-vegetais-aromatizadas/bebida-alpro-soja-baunilha-1l/565831.html,https://www.auchan.pt/dw/image/v2/BFRC_PRD/on/demandware.static/-/Sites-auchan-pt-master-catalog/default/dw98b435aa/images/hi-res/000565831.jpg?sw=250&sh=250&sm=fit&bgcolor=FFFFFF,,2026-02-28T09:19:40.097000510Z,
leite de soja,pt,auchan,pt.auchan.1060262,1060262,bebida alpro soja frutos vermelhos 3x250ml,"2,99 €",,3.99 €/Lt,,,,https://www.auchan.pt/pt/alimentacao/produtos-lacteos/bebidas-vegetais/bebidas-vegetais-aromatizadas/bebida-alpro-soja-frutos-vermelhos-3x250ml/1060262.html,https://www.auchan.pt/dw/image/v2/BFRC_PRD/on/demandware.static/-/Sites-auchan-pt-master-catalog/default/dwc802054d/images/hi-res/001060262.jpg?sw=250&sh=250&sm=fit&bgcolor=FFFFFF,,2026-02-28T09:19:40.097000510Z,
leite de soja,pt,auchan,pt.auchan.3630928,3630928,bebida alpro soja baunilha 250ml,"0,99 €",,3.96 €/Lt,,,,https://www.auchan.pt/pt/alimentacao/produtos-lacteos/bebidas-vegetais/bebidas-vegetais-aromatizadas/bebida-alpro-soja-baunilha-250ml/3630928.html,https://www.auchan.pt/dw/image/v2/BFRC_PRD/on/demandware.static/-/Sites-auchan-pt-master-catalog/default/dw9eec2e48/images/hi-res/003630928.jpg?sw=250&sh=250&sm=fit&bgcolor=FFFFFF,,2026-02-28T09:19:40.097000510Z,
leite de soja,pt,auchan,pt.auchan.2120830,2120830,bebida auchan soja natural com cálcio 3x200ml,"1,29 €",,2.15 €/Lt,,,,https://www.auchan.pt/pt/alimentacao/produtos-lacteos/bebidas-vegetais/soja/bebida-auchan-soja-natural-com-calcio-3x200ml/2120830.html,https://www.auchan.pt/dw/image/v2/BFRC_PRD/on/demandware.static/-/Sites-auchan-pt-master-catalog/default/dwf81bded6/images/hi-res/002120830.jpg?sw=250&sh=250&sm=fit&bgcolor=FFFFFF,,2026-02-28T09:19:40.097000510Z,
leite de soja,pt,auchan,pt.auchan.602315,602315,bebida alpro soja com banana 3x250ml,"2,99 €",,3.99 €/Lt,,,,https://www.auchan.pt/pt/alimentacao/produtos-lacteos/bebidas-vegetais/bebidas-vegetais-aromatizadas/bebida-alpro-soja-com-banana-3x250ml/602315.html,https://www.auchan.pt/dw/image/v2/BFRC_PRD/on/demandware.static/-/Sites-auchan-pt-master-catalog/default/dwac823602/images/hi-res/000602315.jpg?sw=250&sh=250&sm=fit&bgcolor=FFFFFF,,2026-02-28T09:19:40.097000510Z,
leite de soja,pt,auchan,pt.auchan.540420,540420,bebida alpro soja crescimento 1l,"1,99 €",,1.99 €/Lt,,,,https://www.auchan.pt/pt/alimentacao/produtos-lacteos/bebidas-vegetais/soja/bebida-alpro-soja-crescimento-1l/540420.html,https://www.auchan.pt/dw/image/v2/BFRC_PRD/on/demandware.static/-/Sites-auchan-pt-master-catalog/default/dw8abfcae2/images/hi-res/000540420.jpg?sw=250&sh=250&sm=fit&bgcolor=FFFFFF,,2026-02-28T09:19:40.097000510Z,
leite de soja,pt,auchan,pt.auchan.3435368,3435368,bebida alpro soja barista 1l,"2,69 €",,2.69 €/Lt,,,,https://www.auchan.pt/pt/alimentacao/produtos-lacteos/bebidas-vegetais/soja/bebida-alpro-soja-barista-1l/3435368.html,https://www.auchan.pt/dw/image/v2/BFRC_PRD/on/demandware.static/-/Sites-auchan-pt-master-catalog/default/dw8c0e6c16/images/hi-res/003435368.jpg?sw=250&sh=250&sm=fit&bgcolor=FFFFFF,,2026-02-28T09:19:40.097000510Z,
leite de soja,pt,auchan,pt.auchan.2120838,2120838,bebida auchan soja chocolate 1l,"0,94 €",,0.94 €/Lt,,,,https://www.auchan.pt/pt/alimentacao/produtos-lacteos/bebidas-vegetais/bebidas-vegetais-aromatizadas/bebida-auchan-soja-chocolate-1l/2120838.html,https://www.auchan.pt/dw/image/v2/BFRC_PRD/on/demandware.static/-/Sites-auchan-pt-master-catalog/default/dwd1574cc8/images/hi-res/002120838.jpg?sw=250&sh=250&sm=fit&bgcolor=FFFFFF,,2026-02-28T09:19:40.097000510Z,
leite de soja,pt,auchan,pt.auchan.3010804,3010804,cremoso andros leite de coco fermentado natural 4x100g,"3,15 €",,7.87 €/Kg,,,,https://www.auchan.pt/pt/alimentacao/produtos-lacteos/iogurtes/soja-e-vegetais/cremoso-andros-leite-de-coco-fermentado-natural-4x100g/3010804.html,https://www.auchan.pt/dw/image/v2/BFRC_PRD/on/demandware.static/-/Sites-auchan-pt-master-catalog/default/dw89ea6be5/images/hi-res/003010804.jpg?sw=250&sh=250&sm=fit&bgcolor=FFFFFF,,2026-02-28T09:19:40.097000510Z,
leite de soja,pt,auchan,pt.auchan.3290799,3290799,cremoso andros leite de côco natural 400g,"2,65 €",,6.62 €/Kg,,,,https://www.auchan.pt/pt/alimentacao/produtos-lacteos/iogurtes/soja-e-vegetais/cremoso-andros-leite-de-coco-natural-400g/3290799.html,https://www.auchan.pt/dw/image/v2/BFRC_PRD/on/demandware.static/-/Sites-auchan-pt-master-catalog/default/dw849faf34/images/hi-res/003290799.jpg?sw=250&sh=250&sm=fit&bgcolor=FFFFFF,,2026-02-28T09:19:40.097000510Z,
leite de soja,pt,auchan,pt.auchan.2120852,2120852,bebida auchan soja chocolate 3x200ml,"1,19 €",,1.98 €/Lt,,,,https://www.auchan.pt/pt/alimentacao/produtos-lacteos/bebidas-vegetais/bebidas-vegetais-aromatizadas/bebida-auchan-soja-chocolate-3x200ml/2120852.html,https://www.auchan.pt/dw/image/v2/BFRC_PRD/on/demandware.static/-/Sites-auchan-pt-master-catalog/default/dwefedad83/images/hi-res/002120852.jpg?sw=250&sh=250&sm=fit&bgcolor=FFFFFF,,2026-02-28T09:19:40.097000510Z,
leite de soja,pt,auchan,pt.auchan.651091,651091,bebida alpro soja original light 1l,"1,99 €",,1.99 €/Lt,,,,https://www.auchan.pt/pt/alimentacao/produtos-lacteos/bebidas-vegetais/soja/bebida-alpro-soja-original-light-1l/651091.html,https://www.auchan.pt/dw/image/v2/BFRC_PRD/on/demandware.static/-/Sites-auchan-pt-master-catalog/default/dw99cc50cc/images/hi-res/000651091.jpg?sw=250&sh=250&sm=fit&bgcolor=FFFFFF,,2026-02-28T09:19:40.097000510Z,
leite de soja,pt,auchan,pt.auchan.1185052,1185052,bebida soja cem porcento em pó 400g,"6,78 €",,16.95 €/Kg,,,,https://www.auchan.pt/pt/alimentacao/produtos-lacteos/leites/leite-em-po/bebida-soja-cem-porcento-em-po-400g/1185052.html,https://www.auchan.pt/dw/image/v2/BFRC_PRD/on/demandware.static/-/Sites-auchan-pt-master-catalog/default/dw977aad8a/images/hi-res/001185052.jpg?sw=250&sh=250&sm=fit&bgcolor=FFFFFF,,2026-02-28T09:19:40.097000510Z,
leite de soja,pt,auchan,pt.auchan.2141455,2141455,bebida shoyce soja 1l,"1,79 €",,1.79 €/Lt,,,,https://www.auchan.pt/pt/alimentacao/produtos-lacteos/bebidas-vegetais/soja/bebida-shoyce-soja-1l/2141455.html,https://www.auchan.pt/dw/image/v2/BFRC_PRD/on/demandware.static/-/Sites-auchan-pt-master-catalog/default/dw61d6a0fe/images/hi-res/002141455.jpg?sw=250&sh=250&sm=fit&bgcolor=FFFFFF,,2026-02-28T09:19:40.097000510Z,
cogumelos marron,pt,continente,pt.continente.6921994,6921994,Cogumelo Marron Laminado Fresco Continente,,,"7,56€/kg",emb. 250 gr,,,,https://www.continente.pt/dw/image/v2/BDVS_PRD/on/demandware.static/-/Sites-col-master-catalog/default/dw3ab4cf85/images/col/692/6921994_frente.jpg?sw=280&sh=280,,2026-02-28T09:19:41.239324013Z,
cogumelos marron,pt,continente,pt.continente.6921736,6921736,Cogumelo Marron Fresco Continente,,,"6,30€/kg",emb. 300 gr,,,,https://www.continente.pt/dw/image/v2/BDVS_PRD/on/demandware.static/-/Sites-col-master-catalog/default/dw14149519/images/col/692/6921736-frente.png?sw=280&sh=280,,2026-02-28T09:19:41.239324013Z,
cogumelos marron,pt,continente,pt.continente.4987751,4987751,Cogumelo Marron Fresco Continente,,,"0,24€/un",Quant. Mínima = 240 gr (6 un),,,,https://www.continente.pt/dw/image/v2/BDVS_PRD/on/demandware.static/-/Sites-col-master-catalog/default/dwe0f52a7c/images/col/498/4987751-cima-granel.png?sw=280&sh=280,,2026-02-28T09:19:41.239324013Z,
cogumelos marron,pt,continente,pt.continente.8161042,8161042,"Mix Cogumelos Marron, Shimaje e Pleurothus Frescos",,,"14,95€/kg",emb. 200 gr,,,,https://www.continente.pt/dw/image/v2/BDVS_PRD/on/demandware.static/-/Sites-col-master-catalog/default/dw83315d4d/images/col/816/8161042-topshot.jpg?sw=280&sh=280,,2026-02-28T09:19:41.239324013Z,
cogumelos marron,pt,continente,pt.continente.7559241,7559241,Cogumelo Marron Biológico Fresco Continente Bio,,,"13,27€/kg",emb. 150 gr,,,,https://www.continente.pt/dw/image/v2/BDVS_PRD/on/demandware.static/-/Sites-col-master-catalog/default/dw15a4e038/images/col/755/7559241-frente.jpg?sw=280&sh=280,,2026-02-28T09:19:41.239324013Z,
cogumelos marron,pt,continente,pt.continente.8161126,8161126,"Mix Cogumelos Brancos, Marron, Shimeji e Pleurothus Frescos",,,"14,95€/kg",emb. 200 gr,,,,https://www.continente.pt/dw/image/v2/BDVS_PRD/on/demandware.static/-/Sites-col-master-catalog/default/dw53db4488/images/col/816/8161126-topshot.jpg?sw=280&sh=280,,2026-02-28T09:19:41.239324013Z,
cogumelos marron,pt,continente,pt.continente.7386356,7386356,"Mix Cogumelos Brancos, Marron, Shitake e Pleurothus Frescos Continente",,,"14,95€/kg",emb. 200 gr,,,,https://www.continente.pt/dw/image/v2/BDVS_PRD/on/demandware.static/-/Sites-col-master-catalog/default/dw316d1d65/images/col/738/7386356-topshot.png?sw=280&sh=280,,2026-02-28T09:19:41.239324013Z,
cogumelos marron,pt,pingo-doce,pt.pingo-doce.598150,598150,Cogumelos Laminados em Lata,1.19,,6.43 €/Kg,0.185 Kg,Pingo Doce,,https://www.pingodoce.pt/home/produtos/mercearia/conservas/cogumelos-e-outros-vegetais/cogumelos-laminados-em-lata-pingo-doce-598150.html,https://www.pingodoce.pt/dw/image/v2/BLJJ_PRD/on/demandware.static/-/Sites-pingo-doce-master/default/dwf63184e1/images/medium/598150_3889fa89baab35846f07e9f1a52c799f.png?sw=198,,2026-02-28T09:19:41.090760989Z,"{'externalCategories': ['Mercearia', 'Conservas', 'Cogumelos e Outros Vegetais']}"
cogumelos marron,pt,pingo-doce,pt.pingo-doce.882947,882947,Cogumelos Branco Laminados Embalados,1.69,,6.76 €/Kg,0.25 Kg,Pingo Doce,,https://www.pingodoce.pt/home/produtos/frutas-e-vegetais/vegetais/cogumelos/cogumelos-branco-laminados-embalados-pingo-doce-882947.html,https://www.pingodoce.pt/dw/image/v2/BLJJ_PRD/on/demandware.static/-/Sites-pingo-doce-master/default/dw725e43f4/images/medium/882947_4ed4c6a69c301528c1e19dfdf64c992e.png?sw=198,,2026-02-28T09:19:41.090760989Z,"{'externalCategories': ['Frutas e Vegetais', 'Vegetais', 'Cogumelos']}"
cogumelos marron,pt,pingo-doce,pt.pingo-doce.882932,882932,Cogumelos Brancos Inteiros Embalados,1.55,,5.17 €/Kg,0.3 Kg,Pingo Doce,,https://www.pingodoce.pt/home/produtos/frutas-e-vegetais/vegetais/cogumelos/cogumelos-brancos-inteiros-embalados-pingo-doce-882932.html,https://www.pingodoce.pt/dw/image/v2/BLJJ_PRD/on/demandware.static/-/Sites-pingo-doce-master/default/dw3496ed59/images/medium/882932_969ba137e5426900b0ae3b07054a0f36.png?sw=198,,2026-02-28T09:19:41.090760989Z,"{'externalCategories': ['Frutas e Vegetais', 'Vegetais', 'Cogumelos']}"
cogumelos marron,pt,pingo-doce,pt.pingo-doce.882936,882936,Cogumelos Portobello Pequenos Embalados,1.99,,6.63 €/Kg,0.3 Kg,Pingo Doce,,https://www.pingodoce.pt/home/produtos/frutas-e-vegetais/vegetais/cogumelos/cogumelos-portobello-pequenos-embalados-pingo-doce-882936.html,https://www.pingodoce.pt/dw/image/v2/BLJJ_PRD/on/demandware.static/-/Sites-pingo-doce-master/default/dw6e8101a0/images/medium/882936_1fe06cbc7d8a4b1e5e27d6d0bc33e00e.png?sw=198,,2026-02-28T09:19:41.090760989Z,"{'externalCategories': ['Frutas e Vegetais', 'Vegetais', 'Cogumelos']}"
cogumelos marron,pt,pingo-doce,pt.pingo-doce.934099,934099,Cogumelos Laminados Congelados,0.99,,2.47 €/Kg,0.4 Kg,Pingo Doce,,https://www.pingodoce.pt/home/produtos/congelados/frutas-e-vegetais/vegetais-congelados/cogumelos-laminados-congelados-pingo-doce-934099.html,https://www.pingodoce.pt/dw/image/v2/BLJJ_PRD/on/demandware.static/-/Sites-pingo-doce-master/default/dw42db679f/images/medium/934099_39a2d778829d2f3acfcad883ac1a64f6.png?sw=198,,2026-02-28T09:19:41.090760989Z,"{'externalCategories': ['Congelados', 'Frutas e Vegetais', 'Vegetais Congelados']}"
cogumelos marron,pt,pingo-doce,pt.pingo-doce.638910,638910,Cogumelos Laminados em Lata Pack 3,2.19,,6.95 €/Kg,3 x0.105 Kg,Pingo Doce,,https://www.pingodoce.pt/home/produtos/mercearia/conservas/cogumelos-e-outros-vegetais/cogumelos-laminados-em-lata-pack-3-pingo-doce-638910.html,https://www.pingodoce.pt/dw/image/v2/BLJJ_PRD/on/demandware.static/-/Sites-pingo-doce-master/default/dw2c89e10f/images/medium/638910_e6b373bda5be66bd49e4966784b1585b.png?sw=198,,2026-02-28T09:19:41.090760989Z,"{'externalCategories': ['Mercearia', 'Conservas', 'Cogumelos e Outros Vegetais']}"
cogumelos marron,pt,pingo-doce,pt.pingo-doce.732517,732517,"Pizza Fresca de Queijo, Fiambre, Cogumelos e Azeitonas",2.69,,6.48 €/Kg,0.415 Kg,Pingo Doce,,https://www.pingodoce.pt/home/produtos/take-away/pizzas/pizza-fresca-de-queijo-fiambre-cogumelos-e-azeitonas-pingo-doce-732517.html,https://www.pingodoce.pt/dw/image/v2/BLJJ_PRD/on/demandware.static/-/Sites-pingo-doce-master/default/dw8c1b1cce/images/medium/732517_f590de5329f5ae5dfcd7bf91d907aeba.jpeg?sw=198,,2026-02-28T09:19:41.090760989Z,"{'externalCategories': ['Take Away', 'Pizzas']}"
cogumelos marron,pt,pingo-doce,pt.pingo-doce.858682,858682,Cogumelos Shitake,2.99,,14.95 €/Kg,0.2 Kg,Pingo Doce,,https://www.pingodoce.pt/home/produtos/frutas-e-vegetais/vegetais/cogumelos/cogumelos-shitake-pingo-doce-858682.html,https://www.pingodoce.pt/dw/image/v2/BLJJ_PRD/on/demandware.static/-/Sites-pingo-doce-master/default/dwa32a6323/images/medium/858682_97fd7f77e95ef038e5f7a811870ad247.jpeg?sw=198,,2026-02-28T09:19:41.090760989Z,"{'externalCategories': ['Frutas e Vegetais', 'Vegetais', 'Cogumelos']}"
cogumelos marron,pt,pingo-doce,pt.pingo-doce.808188,808188,Natas UHT com Cogumelos,1.35,,6.75 €/L,0.2 L,Parmalat,,https://www.pingodoce.pt/home/produtos/manteiga-margarina-e-natas-/natas-bechamel-e-chantilly/natas-uht-com-cogumelos-parmalat-808188.html,https://www.pingodoce.pt/dw/image/v2/BLJJ_PRD/on/demandware.static/-/Sites-pingo-doce-master/default/dw535e3e5f/images/medium/808188_5ebcb6ae089795dc998ea1e6ac455de6.jpg?sw=198,,2026-02-28T09:19:41.090760989Z,"{'externalCategories': ['Manteiga Margarina e Natas', 'Natas Bechamel e Chantilly']}"
cogumelos marron,pt,pingo-doce,pt.pingo-doce.598151,598151,Cogumelos Inteiros em Lata,1.25,,6.76 €/Kg,0.185 Kg,Pingo Doce,,https://www.pingodoce.pt/home/produtos/mercearia/conservas/cogumelos-e-outros-vegetais/cogumelos-inteiros-em-lata-pingo-doce-598151.html,https://www.pingodoce.pt/dw/image/v2/BLJJ_PRD/on/demandware.static/-/Sites-pingo-doce-master/default/dw95188008/images/medium/598151_8d29ac8081ab62507224923c13db6c6b.png?sw=198,,2026-02-28T09:19:41.090760989Z,"{'externalCategories': ['Mercearia', 'Conservas', 'Cogumelos e Outros Vegetais']}"
cogumelos marron,pt,pingo-doce,pt.pingo-doce.882935,882935,Cogumelos Portobello Grandes Embalados,1.99,,9.05 €/Kg,0.22 Kg,Pingo Doce,,https://www.pingodoce.pt/home/produtos/frutas-e-vegetais/vegetais/cogumelos/cogumelos-portobello-grandes-embalados-pingo-doce-882935.html,https://www.pingodoce.pt/dw/image/v2/BLJJ_PRD/on/demandware.static/-/Sites-pingo-doce-master/default/dw4c778c69/images/medium/882935_93a69a4414df30eb7326fa380695ac3c.png?sw=198,,2026-02-28T09:19:41.090760989Z,"{'externalCategories': ['Frutas e Vegetais', 'Vegetais', 'Cogumelos']}"
cogumelos marron,pt,pingo-doce,pt.pingo-doce.882933,882933,Cogumelo Pleurotus,1.99,,9.95 €/Kg,0.2 Kg,Pingo Doce,,https://www.pingodoce.pt/home/produtos/frutas-e-vegetais/vegetais/cogumelos/cogumelo-pleurotus-pingo-doce-882933.html,https://www.pingodoce.pt/dw/image/v2/BLJJ_PRD/on/demandware.static/-/Sites-pingo-doce-master/default/dw2c9ca131/images/medium/882933_631e2a7e449b0a6f52e340d878f7a4d9.jpeg?sw=198,,2026-02-28T09:19:41.090760989Z,"{'externalCategories': ['Frutas e Vegetais', 'Vegetais', 'Cogumelos']}"
cogumelos marron,pt,pingo-doce,pt.pingo-doce.961405,961405,Fusili com Cogumelos e Bacon,3.49,,12.93 €/Kg,0.27 Kg,Comida Fresca,,https://www.pingodoce.pt/home/produtos/take-away/prato-principal-e-acompanhamento/fusili-com-cogumelos-e-bacon-comida-fresca-961405.html,https://www.pingodoce.pt/dw/image/v2/BLJJ_PRD/on/demandware.static/-/Sites-pingo-doce-master/default/dwe626e0f5/images/medium/961405_3d8a8a105367a75d124404fde10361ba.png?sw=198,,2026-02-28T09:19:41.090760989Z,"{'externalCategories': ['Take Away', 'Prato Principal e Acompanhamento']}"
cogumelos marron,pt,pingo-doce,pt.pingo-doce.952255,952255,Cogumelos Inteiros em Lata Pack 3,2.59,,8.22 €/Kg,3 x0.105 Kg,Pingo Doce,,https://www.pingodoce.pt/home/produtos/mercearia/conservas/cogumelos-e-outros-vegetais/cogumelos-inteiros-em-lata-pack-3-pingo-doce-952255.html,https://www.pingodoce.pt/dw/image/v2/BLJJ_PRD/on/demandware.static/-/Sites-pingo-doce-master/default/dw39fd1ed8/images/medium/952255_6da4431651b810fdc698da9c0e0bb2cb.png?sw=198,,2026-02-28T09:19:41.090760989Z,"{'externalCategories': ['Mercearia', 'Conservas', 'Cogumelos e Outros Vegetais']}"
cogumelos marron,pt,pingo-doce,pt.pingo-doce.968819,968819,Noodles de Cogumelos,0.99,,11.65 €/Kg,0.085 Kg,Koka,,https://www.pingodoce.pt/home/produtos/mercearia/sopas-e-refeicoes-pre-preparadas/noodles/noodles-de-cogumelos-koka-968819.html,https://www.pingodoce.pt/dw/image/v2/BLJJ_PRD/on/demandware.static/-/Sites-pingo-doce-master/default/dwa69ac1d7/images/medium/968819_1c2841b5191bd5f78999b79b36ac35c1.png?sw=198,,2026-02-28T09:19:41.090760989Z,"{'externalCategories': ['Mercearia', 'Sopas e Refeicoes Pre Preparadas', 'Noodles']}"
cogumelos marron,pt,pingo-doce,pt.pingo-doce.17539,17539,Tortellini de Cogumelos,3.99,2.99,11.96 €/Kg,0.25 Kg,Rana,,https://www.pingodoce.pt/home/produtos/take-away/massas-lasanhas-e-outros-pratos/tortellini-de-cogumelos-rana-17539.html,https://www.pingodoce.pt/dw/image/v2/BLJJ_PRD/on/demandware.static/-/Sites-pingo-doce-master/default/dw89e67beb/images/medium/17539_b99baa8808b22b0a055456db2bfbfd6d.png?sw=198,,2026-02-28T09:19:41.090760989Z,"{'externalCategories': ['Take Away', 'Massas Lasanhas e Outros Pratos']}"
cogumelos marron,pt,pingo-doce,pt.pingo-doce.996253,996253,Feijoada de Cogumelos Brasil,3.69,,10.25 €/Kg,0.36 Kg,Compal,,https://www.pingodoce.pt/home/produtos/mercearia/conservas/refeicoes-enlatadas/feijoada-de-cogumelos-brasil-compal-996253.html,https://www.pingodoce.pt/dw/image/v2/BLJJ_PRD/on/demandware.static/-/Sites-pingo-doce-master/default/dw4a56fb8c/images/medium/996253_23be63d028b8b5f5f7b8e02231b3d7d5.png?sw=198,,2026-02-28T09:19:41.090760989Z,"{'externalCategories': ['Mercearia', 'Conservas', 'Refeicoes Enlatadas']}"
cogumelos marron,pt,pingo-doce,pt.pingo-doce.919539,919539,Mix Cogumelos Exóticos Embalados,2.99,,14.95 €/Kg,0.2 Kg,Nossa Fruta e Legumes,,https://www.pingodoce.pt/home/produtos/frutas-e-vegetais/vegetais/cogumelos/mix-cogumelos-exoticos-embalados-nossa-fruta-e-legumes-919539.html,https://www.pingodoce.pt/dw/image/v2/BLJJ_PRD/on/demandware.static/-/Sites-pingo-doce-master/default/dw3e29501a/images/medium/919539_275d800f80acefe313d323d193fa0874.jpg?sw=198,,2026-02-28T09:19:41.090760989Z,"{'externalCategories': ['Frutas e Vegetais', 'Vegetais', 'Cogumelos']}"
cogumelos marron,pt,pingo-doce,pt.pingo-doce.700888,700888,Creme de Cogumelos Selvagens Gournet,2.99,2.09,34.26 €/Kg,0.061 Kg,Knorr,,https://www.pingodoce.pt/home/produtos/mercearia/sopas-e-refeicoes-pre-preparadas/sopas/creme-de-cogumelos-selvagens-gournet-knorr-700888.html,https://www.pingodoce.pt/dw/image/v2/BLJJ_PRD/on/demandware.static/-/Sites-pingo-doce-master/default/dw5f5cc4bc/images/medium/700888_1cb7b8224721dfe7dad18afc66d4e2d2.png?sw=198,,2026-02-28T09:19:41.090760989Z,"{'externalCategories': ['Mercearia', 'Sopas e Refeicoes Pre Preparadas', 'Sopas']}"
cogumelos marron,pt,pingo-doce,pt.pingo-doce.998590,998590,Fiambre de Peru com Trufas e Cogumelos Boletus,2.99,2.69,22.42 €/Kg,0.12 Kg,ElPozo,,https://www.pingodoce.pt/home/produtos/charcutaria-e-queijos/charcutaria/fiambre-mortadela-e-chouricao%E2%80%8B/fiambre-de-peru-com-trufas-e-cogumelos-boletus-elpozo-998590.html,https://www.pingodoce.pt/dw/image/v2/BLJJ_PRD/on/demandware.static/-/Sites-pingo-doce-master/default/dw2bdc1f81/images/medium/998590_3641b281b2d985638893738c443ce556.png?sw=198,,2026-02-28T09:19:41.090760989Z,"{'externalCategories': ['Charcutaria e Queijos', 'Charcutaria', 'Fiambre Mortadela e Chouricao']}"
cogumelos marron,pt,minipreco,pt.minipreco.901793,901793,AUCHAN Cogumelo Branco 300 g,"1,39 €",,"(4,63 €/Kg.)",,,,https://www.minipreco.pt/produtos/frutas-e-vegetais/vegetais/cogumelos/p/901793,https://s3.minipreco.pt/medias/h2c/hdb/9275358019614.jpg,,2026-02-28T09:19:41.513103214Z,
cogumelos marron,pt,minipreco,pt.minipreco.900801,900801,AUCHAN Cogumelos Laminados 355 g,"1,09 €",,"(5,89 €/Kg.)",,,,https://www.minipreco.pt/produtos/mercearia/conservas/cogumelos-milho-e-outras-conservas-vegetais/p/900801,https://s3.minipreco.pt/medias/h9b/h89/9228943294494.jpg,,2026-02-28T09:19:41.513103214Z,
cogumelos marron,pt,minipreco,pt.minipreco.900806,900806,AUCHAN Cogumelos Inteiros 400 g,"1,49 €",,"(6,48 €/Kg.)",,,,https://www.minipreco.pt/produtos/mercearia/conservas/cogumelos-milho-e-outras-conservas-vegetais/p/900806,https://s3.minipreco.pt/medias/hc7/ha1/9332817952798.jpg,,2026-02-28T09:19:41.513103214Z,
cogumelos marron,pt,minipreco,pt.minipreco.900804,900804,AUCHAN Cogumelos Laminados 3x200 g,"2,39 €",,"(0,80 €/ud.)",,,,https://www.minipreco.pt/produtos/mercearia/conservas/cogumelos-milho-e-outras-conservas-vegetais/p/900804,https://s1.minipreco.pt/medias/hbd/h8c/9348714102814.jpg,,2026-02-28T09:19:41.513103214Z,
cogumelos marron,pt,minipreco,pt.minipreco.24401,24401,BONDUELLE Legumes Primavera 3x200 g,"3,84 €",,"(6,40 €/Kg.)",,,,https://www.minipreco.pt/produtos/mercearia/conservas/cogumelos-milho-e-outras-conservas-vegetais/p/24401,https://s3.minipreco.pt/medias/hd5/h97/8859815149598.jpg,,2026-02-28T09:19:41.513103214Z,
cogumelos marron,pt,minipreco,pt.minipreco.2596,2596,BONDUELLE Milho Doce 3x140 g,"3,99 €",,"(8,87 €/Kg.)",,,,https://www.minipreco.pt/produtos/mercearia/conservas/cogumelos-milho-e-outras-conservas-vegetais/p/2596,https://s1.minipreco.pt/medias/hb3/hc3/9009686315038.jpg,,2026-02-28T09:19:41.513103214Z,
cogumelos marron,pt,minipreco,pt.minipreco.294662,294662,BONDUELLE Ratatouille 375 g,"4,49 €",,"(11,97 €/Kg.)",,,,https://www.minipreco.pt/produtos/mercearia/conservas/cogumelos-milho-e-outras-conservas-vegetais/p/294662,https://s3.minipreco.pt/medias/hc0/h8f/9074882543646.jpg,,2026-02-28T09:19:41.513103214Z,
cogumelos marron,pt,minipreco,pt.minipreco.900810,900810,AUCHAN Milho Doce em Grão 3x150 g,"1,99 €",,"(4,42 €/Kg.)",,,,https://www.minipreco.pt/produtos/mercearia/conservas/cogumelos-milho-e-outras-conservas-vegetais/p/900810,https://s2.minipreco.pt/medias/h0c/hc2/9339331182622.jpg,,2026-02-28T09:19:41.513103214Z,
cogumelos marron,pt,minipreco,pt.minipreco.900797,900797,AUCHAN Mistura de Vegetais com Cenouras 850 g,"2,65 €",,"(3,12 €/Kg.)",,,,https://www.minipreco.pt/produtos/mercearia/conservas/cogumelos-milho-e-outras-conservas-vegetais/p/900797,https://s2.minipreco.pt/medias/h7a/he6/9224584069150.jpg,,2026-02-28T09:19:41.513103214Z,
cogumelos marron,pt,minipreco,pt.minipreco.900800,900800,AUCHAN Macedónia com Verduras 660 g,"1,89 €",,"(2,86 €/Kg.)",,,,https://www.minipreco.pt/produtos/mercearia/conservas/cogumelos-milho-e-outras-conservas-vegetais/p/900800,https://s1.minipreco.pt/medias/h06/hdd/9226502897694.jpg,,2026-02-28T09:19:41.513103214Z,
cogumelos marron,pt,minipreco,pt.minipreco.900799,900799,AUCHAN Milho Doce em Grão 340 g,"0,99 €",,"(2,91 €/Kg.)",,,,https://www.minipreco.pt/produtos/mercearia/conservas/cogumelos-milho-e-outras-conservas-vegetais/p/900799,https://s1.minipreco.pt/medias/h0d/h38/9231202484254.jpg,,2026-02-28T09:19:41.513103214Z,
cogumelos marron,pt,minipreco,pt.minipreco.901613,901613,BONDUELLE Macedónia de Legumes 3x200 g,"3,99 €",,"(6,65 €/Kg.)",,,,https://www.minipreco.pt/produtos/mercearia/conservas/cogumelos-milho-e-outras-conservas-vegetais/p/901613,https://s0.minipreco.pt/medias/h47/h69/9242299629598.jpg,,2026-02-28T09:19:41.513103214Z,
cogumelos marron,pt,auchan,pt.auchan.3442172,3442172,cogumelo marron laminado 250 g,"1,99 €",,7.96 €/Kg,,,,https://www.auchan.pt/pt/produtos-frescos/legumes/cogumelos/cogumelo-marron-laminado-250-g/3442172.html,https://www.auchan.pt/dw/image/v2/BFRC_PRD/on/demandware.static/-/Sites-auchan-pt-master-catalog/default/dw95412d24/images/hi-res/003442172.jpg?sw=250&sh=250&sm=fit&bgcolor=FFFFFF,,2026-02-28T09:19:42.332616524Z,
cogumelos marron,pt,auchan,pt.auchan.2460929,2460929,cogumelos marron auchan cultivamos o bom 250 g,"1,59 €",,6.36 €/Kg,,,,https://www.auchan.pt/pt/produtos-frescos/legumes/cogumelos/cogumelos-marron-auchan-cultivamos-o-bom-250-g/2460929.html,https://www.auchan.pt/dw/image/v2/BFRC_PRD/on/demandware.static/-/Sites-auchan-pt-master-catalog/default/dw549352b9/images/hi-res/002460929.jpg?sw=250&sh=250&sm=fit&bgcolor=FFFFFF,,2026-02-28T09:19:42.332616524Z,
cogumelos marron,pt,auchan,pt.auchan.585156,585156,cogumelos marron kg,"5,99 € /Kg",,Quant. Mínima = 200g (1 un) 1.20 €/un,,,,https://www.auchan.pt/pt/produtos-frescos/legumes/cogumelos/cogumelos-marron-kg/585156.html,https://www.auchan.pt/dw/image/v2/BFRC_PRD/on/demandware.static/-/Sites-auchan-pt-master-catalog/default/dw7997ed95/images/hi-res/000585156.jpg?sw=250&sh=250&sm=fit&bgcolor=FFFFFF,,2026-02-28T09:19:42.332616524Z,
cogumelos marron,pt,auchan,pt.auchan.3966814,3966814,mix cogumelos branco marron cuga 250 g,"1,89 €",,7.56 €/Kg,,,,https://www.auchan.pt/pt/produtos-frescos/legumes/cogumelos/mix-cogumelos-branco-marron-cuga-250-g/3966814.html,https://www.auchan.pt/dw/image/v2/BFRC_PRD/on/demandware.static/-/Sites-auchan-pt-master-catalog/default/dw8e7247d4/images/hi-res/003966814.jpg?sw=250&sh=250&sm=fit&bgcolor=FFFFFF,,2026-02-28T09:19:42.332616524Z,
cogumelos marron,pt,auchan,pt.auchan.3705231,3705231,mistura de cogumelo marron laminado e espargo 200 g,"2,99 €",,14.95 €/Kg,,,,https://www.auchan.pt/pt/produtos-frescos/legumes/cogumelos/mistura-de-cogumelo-marron-laminado-e-espargo-200-g/3705231.html,https://www.auchan.pt/dw/image/v2/BFRC_PRD/on/demandware.static/-/Sites-auchan-pt-master-catalog/default/dw0a4b29d2/images/hi-res/003705231.jpg?sw=250&sh=250&sm=fit&bgcolor=FFFFFF,,2026-02-28T09:19:42.332616524Z,
